1765 2987
220 151 350 216 suurrmou
363 180 380 217 s.
393 180 521 229 rotimum.
534 181 562 217 rx.
575 181 595 217 x.
608 180 636 218 m
767 183 809 226 283

51 292 81 332 De
97 293 166 329 cetero
183 288 288 330 adductum
305 301 349 329 eum
365 289 498 344 interrogavit
512 285 634 345 proconsul,
655 305 679 333 uu
695 292 740 346 ipse
756 294 811 331 esset

49 361 178 413 Polycarpum
210 359 299 412 Cumque
322 364 430 410 aunum-ei,
456 360 572 401 hortabatur
597 363 644 413 itte,
670 366 691 402 ut
716 365 808 416 negaret,

50 431 241 471 diceus1rererere
258 434 346 469 aetatem
363 435 430 480 tuam,
452 429 529 481 otioque
546 430 576 470 his
593 437 739 483 consentanea,
756 444 808 486 quoe

48 500 80 542 isti
99 497 208 552 ¹proturre
224 499 301 540 soteut:
318 500 373 551 jura
386 511 426 550 per
440 498 549 549 fortunam
566 499 677 552 Caesaris,
698 503 807 553 resipisce,

49 570 190 611 ²canctama:
211 570 259 610 tutte
279 570 360 622 impios.
391 570 447 610 Tunc
466 569 589 623 Polycarpus
610 571 667 624 gravi
689 583 713 610 ao
733 583 807 613 severo

48 641 102 681 vultu
119 640 196 680 turoam
212 652 290 680 onmem
304 639 455 691 sceleratorum,
472 641 505 693 qui
517 641 535 679 in
547 639 613 681 stadio
625 646 688 692 erunt,
704 642 808 695 gemilium

48 714 158 761 contuens,
179 722 299 763 manumque
320 710 340 750 in
362 721 397 749 eos
420 711 539 764 porrigens,
561 710 660 763 simulque
680 723 763 765 gemens
785 724 808 752 ne

48 781 126 822 coetum
142 780 254 833 suspiciens
271 780 330 826 dixit:
346 779 395 821 tutte
411 777 513 831 ³impi0s.
544 778 634 833 Urgeute
650 792 700 820 vero
716 793 809 833 procon-

47 850 91 891 sule
103 853 163 902 atque
173 849 262 889 dicente:
274 851 335 901 jura,
353 855 373 889 et
388 849 467 888 dimitto
484 853 510 897 te,
527 849 617 889 maledic
630 848 729 896 Cta·isto;
744 850 808 904 Poly-

47 931 118 974 curpus
129 919 245 973 respondit:
263 920 370 972 octopiata
385 924 405 960 et
419 932 459 960 sea
475 918 526 959 anui
537 925 593 970 suut,
610 932 637 959 ea
649 932 689 973 quo
700 921 770 961 serato
782 921 808 972 ei,

46 1004 84 1032 nec
105 1003 135 1030 me
155 990 201 1030 utta
221 988 292 1043 affecit
312 990 406 1041 injuria;
427 994 447 1030 et
466 990 571 1041 quaruodo
584 991 666 1043 possim
684 991 808 1032 maledicere

46 1061 91 1116 repi
107 1072 160 1112 inea,
177 1061 212 1116 qui
228 1060 308 1103 saluum
323 1072 354 1100 me
368 1058 437 1112 feeit?

46 1191 71 1233 X.
87 1190 219 1244 Potpaarpus
226 1203 249 1231 se
258 1189 401 1232 Christianum
407 1189 527 1241 profitetur,
535 1193 555 1229 et
563 1189 588 1229 rte
597 1188 685 1232 Christo·
691 1191 749 1244 toqui
757 1192 795 1233 uui
803 1224 808 1233 .

105 1273 195 1328 Urgeote
205 1284 275 1314 rmsus
287 1272 319 1313 itlo
332 1276 352 1312 et
363 1271 454 1312 dicente:
467 1272 521 1322 jura
530 1283 570 1322 per
579 1272 687 1325 fortunam
699 1273 807 1325 Caesaris,

46 1344 162 1399 respondit:
179 1344 199 1384 si
214 1355 291 1384 aunam
307 1355 335 1383 ea
351 1355 375 1383 eo
392 1342 478 1394 quereris
494 1342 590 1393 pluriora,
607 1349 631 1382 ut
645 1356 682 1395 epo
695 1357 735 1396 per
752 1343 808 1384 Cae-

46 1416 103 1456 saris
124 1414 246 1466 sortuuam,
270 1418 294 1454 ut
313 1418 335 1454 tu
351 1413 396 1463 ais,
408 1414 490 1465 jurem,
510 1409 616 1453 ⁴simutas
634 1419 702 1454 arctam
718 1414 807 1465 nescire,

48 1487 95 1539 quis
110 1486 149 1526 sim
155 1499 163 1534 ,¹
175 1487 249 1538 patum
265 1485 327 1526 audi:
344 1483 479 1524 Christianus
492 1495 543 1524 suri.
575 1483 663 1525 Sinera
678 1485 808 1525 christianae

48 1556 159 1609 doctrinae
181 1556 285 1596 rationem
306 1555 340 1596 uis
361 1555 457 1603 discere,
482 1553 510 1593 du
531 1554 574 1594 ittet
595 1556 687 1606 spatiani
710 1562 730 1595 et
750 1556 809 1596 audi.

47 1627 158 1668 Proconsul
175 1626 234 1667 dixit:
259 1625 268 1651 ⁵
275 1625 382 1678 persuade
396 1624 483 1676 popula.
513 1624 637 1679 Polycarpus
652 1625 767 1679 respondit:
790 1631 808 1666 te

48 1697 130 1749 attidem
139 1709 235 1749 sermone
246 1696 332 1749 atpium
339 1701 391 1747 puto
397 1708 405 1742 ;
422 1694 447 1734 ed
450 1694 491 1734 ocii
501 1695 554 1734 euim
565 1708 644 1746 sumus,
660 1693 669 1719 ⁵
673 1696 809 1748 principibus

48 1772 68 1806 et
81 1767 230 1818 potestatibus,
247 1780 260 1807 a
274 1767 319 1807 Dea
335 1765 448 1814 ordinatis,
463 1769 530 1816 prout
544 1765 614 1816 decet,
630 1767 732 1807 liarrarem
747 1766 809 1807 nobis

48 1849 91 1877 riou
100 1843 206 1877 nocentem
215 1835 299 1888 deferre
304 1849 311 1885 ,·
323 1835 372 1876 ittos
380 1847 430 1876 uera
442 1835 541 1887 iudipnas
549 1841 608 1888 puta,
620 1835 696 1889 quidus
704 1837 809 1878 rationem

47 1907 142 1948 reddam.

48 2033 80 2076 ΧΙ.
111 2034 154 2075 Nec
170 2035 295 2085 bestiarum,
316 2047 354 2075 uec
370 2034 425 2086 ipnts
441 2034 510 2074 minae
525 2033 665 2088 Potpeurpum
685 2040 808 2088 perterreat.

108 2116 134 2158 Ar
149 2117 258 2171 proconsul
278 2116 302 2156 ad
322 2118 387 2170 ipsum
408 2115 468 2156 dixit:
492 2115 569 2157 bestias
584 2117 665 2166 ttrdrea,¹
685 2118 718 2158 tus
735 2124 753 2158 te
770 2118 809 2159 ab·

43 2186 132 2239 pictam,
155 2187 198 2227 uisi
219 2188 357 2228 conuertaris.
387 2187 433 2240 Ipse
455 2198 505 2227 vero
526 2189 641 2240 respoudit:
664 2202 808 2239 accesseras,

48 2271 88 2298 aas
104 2259 158 2298 enim
173 2258 251 2299 mutari
267 2271 310 2298 tion
324 2270 439 2309 passraaus
460 2258 598 2299 conuersiaae
613 2271 626 2298 a
641 2259 764 2299 melioribus
780 2259 809 2298 ud

49 2328 157 2370 deteriora
163 2342 170 2376 5
192 2328 265 2368 bortum
286 2333 353 2368 antem
373 2333 415 2378 est,
436 2329 576 2368 martinatis
594 2329 622 2368 ad
632 2329 694 2380 justa
710 2329 808 2369 transire.

48 2397 125 2439 Rursus
148 2399 186 2439 iste
209 2398 234 2438 ud
254 2397 399 2451 Polycarpum:
423 2398 593 2451 quandoquidem
615 2397 694 2437 bestius
717 2397 808 2450 spernis,

48 2467 92 2520 ipat
103 2474 122 2508 te
133 2469 216 2509 tradam
227 2468 396 2519 consumendum,
413 2469 456 2508 uisi
467 2469 591 2509 sententiam
601 2474 673 2508 rurrtes.
698 2468 734 2509 Cui
745 2467 808 2521 Paly-

72 2583 293 2629 ornatissimorum,
307 2587 326 2620 si
337 2586 419 2630 apoputo
438 2593 508 2617 serrare
527 2582 603 2616 votuisse
619 2583 692 2616 uidetur.
714 2581 757 2614 vite
771 2579 809 2623 ejus

47 2643 163 2685 prolationem
183 2644 268 2687 supplicii
291 2644 359 2687 poteris
382 2646 418 2677 im-
439 2642 528 2676 Historiam
542 2641 604 2673 eccles.
617 2640 629 2674 Ι,
645 2641 660 2673 t.
673 2650 689 2683 p,
704 2639 743 2673 159.

48 2705 123 2745 putrore.
140 2698 219 2733 Neandro
232 2699 324 2746 proconsul
336 2700 419 2746 ignatium
462 2699 481 2743 6)
495 2698 529 2733 cn.
542 2698 591 2732 Rom.
605 2697 632 2740 13,
647 2697 662 2731 1.
676 2698 692 2731 7.
716 2695 748 2731 Tit.
761 2696 778 2741 3,
792 2696 808 2730 1.
