1765 2987
81 112 98 146 S.
112 105 249 150 BARNABAE]
376 102 548 139 Pnonuuomun'n.
810 104 840 137 XV

109 214 137 273 β)
153 215 228 256 Eadem
239 214 259 255 in
271 213 369 263 omnibus,
383 223 434 264 quos
444 211 547 263 hahemus,
561 212 640 266 graecis
653 210 757 253 codicibus
769 215 840 254 exstat.

109 284 135 342 y]
154 285 199 329 Non
220 284 285 326 minus
306 283 326 324 in
346 281 486 324 sticbomctriis
506 287 598 324 veterum
617 296 664 337 pars
684 283 735 325 haec
751 281 841 323 secunda

153 356 301 397 numerabatur.

110 424 137 482 d)
153 426 220 468 Sancti
230 424 284 465 Pauli
301 434 382 476 qrroquc
399 422 495 476 epistolae
510 422 561 477 parti
575 421 685 463 didacticae
696 422 778 465 alteram
790 434 840 477 par-

154 500 194 536 tem
210 494 355 548 paraeneticam
372 492 488 547 adjungunt.
523 524 525 528 .

110 564 133 621 a]
154 565 176 606 ln
191 569 248 619 parte
263 564 353 606 secanda
369 562 394 605 de
410 563 487 605 duabus
502 563 540 605 viis
557 561 674 614 disseritur,
697 575 779 615 quarum
798 563 840 616 jam

154 636 246 688 in‘parte
262 634 324 687 prima
341 646 383 686 cap.
400 631 413 675 ti
430 637 449 674 ct
465 632 478 675 6
493 633 568 674 mentio
585 632 651 673 iuerat
666 631 725 672 facta.

110 702 135 759 ζ)
156 704 205 758 Styli
221 704 354 745 diversitatem
371 716 398 744 ex
413 703 494 744 diversa
509 703 613 756 utriusque
627 702 689 755 partis
700 701 767 743 indole
779 705 842 744 ortam

156 786 202 823 esse
218 773 276 815 facile
292 774 430 828 perspicimus.

141 841 160 885 2.
191 844 262 885 Prima
277 855 359 897 quoquc
376 842 473 897 epistolae
488 854 535 896 pars
551 843 630 898 integra
650 847 670 883 et
688 844 712 884 ab
729 843 842 897 interpola-

81 915 169 956 tionibus
185 914 249 956 libera
265 918 295 955 est
310 913 427 968 reputanda.

111 983 137 1042 a)
155 985 237 1040 Singula
253 977 305 1026 enim
322 985 386 1038 capita
401 983 460 1025 [lilius
476 984 589 1038 argnnienti
604 987 651 1025 sunt
664 987 739 1037 partes,
756 995 842 1036 erantque

155 1051 230 1097 babent
245 1054 314 1107 linem,
331 1060 353 1096 ut
368 1054 524 1109 demonstretur,
540 1055 662 1097 ludaismum
679 1067 725 1097 esse
741 1056 842 1108 abolitum,

104 1148 107 1152 ν
133 1163 135 1166 ,
155 1139 262 1180 novaeque
283 1139 328 1167 eum
350 1128 481 1169 oeconomiae
500 1127 568 1168 salutis
590 1127 689 1179 cessisse,
711 1139 769 1180 quam
790 1127 842 1180 typis

154 1200 317 1250 praemonstrare
330 1197 371 1250 J'am
387 1197 411 1238 ab
427 1198 483 1238 initio
498 1196 595 1238 Jodaismi
610 1208 683 1237 munus
699 1200 748 1238 crat.

110 1264 139 1321 β)
154 1265 233 1307 Falsum
250 1271 286 1318 est,
303 1266 356 1318 quod
368 1265 501 1309 Sclaenlrelius
516 1265 626 1317 contendit,
642 1269 700 1318 caput
711 1270 790 1306 sextum
802 1277 842 1306 non

155 1347 200 1376 cnm
216 1337 308 1388 septimo,
324 1335 361 1377 sed
373 1335 451 1377 dentum
463 1347 507 1376 curn
519 1335 578 1377 tertio
590 1335 668 1376 decimo
681 1336 777 1377 orationis
788 1348 842 1376 nexu

156 1416 203 1446 esse
219 1407 353 1460 conjunctum.
385 1406 413 1447 Ea
429 1407 482 1447 enim
496 1407 567 1460 capita,
586 1417 638 1459 quae
654 1404 787 1448 Schenkelius
804 1405 842 1445 de-

155 1475 215 1516 lenda
229 1480 291 1529 putat,
307 1488 323 1517 c.
341 1474 413 1518 7—12
428 1476 481 1529 incl,
496 1477 524 1518 nil
539 1476 603 1528 aliud,
619 1475 656 1516 nisi
673 1476 842 1516 continuationem

157 1545 294 1586 antecedentis
302 1545 485 1599 demonstrationis,
492 1558 566 1588 novam
576 1546 714 1587 oeconomiam
722 1545 842 1586 aJudaismo

155 1616 207 1669 typis
223 1615 286 1657 foisse
302 1617 508 1669 praemonstrandam,
525 1617 634 1658 continent.

110 1683 136 1738 y)
156 1684 201 1725 Duo
217 1685 254 1724 alia
271 1697 352 1738 quoque
368 1687 442 1739 capita,
461 1685 487 1728 15
505 1691 524 1726 et
542 1684 574 1738 16,
591 1699 643 1739 qnae
659 1686 780 1729 Schenbelio
799 1685 842 1725 dis-

154 1754 240 1808 plicent,
256 1755 335 1795 minlme
351 1759 397 1795 sunt
412 1755 533 1809 rejicienda,
554 1758 628 1810 quippe
642 1769 696 1813 *quae
712 1756 737 1796 ad
754 1756 843 1796 demon-

154 1825 272 1866 strationem
287 1837 374 1866 necesse
389 1827 508 1879 pertineant.
539 1826 616 1875 Quodsi
631 1828 684 1868 enim
705 1826 786 1866 abolitio
802 1825 842 1865 Ju-

157 1892 227 1933 daismi
243 1893 308 1934 fuerat
324 1894 487 1948 demonstranda,
504 1896 562 1936 eliam
578 1897 603 1937 de
614 1896 747 1950 abrogatione
758 1895 842 1936 sabbati

156 1960 186 2017 [c.
204 1961 244 2018 15)
261 1967 280 2004 et
297 1964 367 2015 lempl'
382 1963 413 2020 (c.
431 1962 471 2020 16)
488 1966 549 2006 verba
565 1965 657 2006 iacienda
675 1969 737 2006 erant.

111 2028 138 2086 d]
154 2031 228 2085 Capita,
245 2032 367 2075 Schenlelio
384 2034 515 2088 displicentia,
531 2047 572 2076 non
586 2036 643 2077 aliter
655 2035 680 2076 de
692 2034 757 2076 veteri
769 2035 843 2075 lesta-

156 2107 223 2143 mento
240 2102 350 2156 disputant,
367 2116 391 2145 ac
407 2116 437 2156 ea,
454 2117 505 2158 quae
521 2118 558 2158 pro
575 2105 668 2159 genuinis
684 2109 731 2146 sunt
746 2108 843 2158 reputata.

155 2172 234 2225 Ubique
249 2172 302 2212 idem
318 2173 388 2214 fervor
404 2180 473 2216 contra
488 2175 611 2217 Judaismum
625 2177 683 2218 nobis
700 2177 794 2217 occurrit.

111 2239 134 2296 e]
155 2242 262 2296 Perperam
278 2242 411 2285 Sclienlrelius
427 2245 525 2298 affirmat,
549 2245 574 2286 de
595 2258 649 2287 nouo
672 2257 754 2299 quoque
769 2246 843 2286 'lesta-

156 2316 223 2352 mento
240 2313 340 2354 contraria
357 2313 426 2355 doceri
441 2316 462 2356 in
478 2315 562 2356 dirersis
579 2315 682 2370 capitibus.

111 2376 136 2435 ζ)
156 2380 200 2421 Jam
216 2381 308 2422 Clemens
324 2383 486 2436 Alexandrinus,
507 2386 540 2437 qui
556 2385 631 2437 primus
647 2386 744 2439 epistolae
760 2389 843 2426 nostrae

147 2452 252 2503 meminit,
275 2453 339 2505 capita
359 2453 396 2493 ista
417 2453 542 2508 displicentia
561 2455 611 2509 legit
626 2460 646 2496 et
661 2456 759 2506 laudavit,
782 2458 802 2495 et
816 2466 843 2495 ne

155 2521 256 2562 minimum
272 2522 352 2575 quidem
368 2523 527 2576 interpolationis
544 2513 679 2566 testimonium
694 2525 749 2565 ullibi
770 2528 842 2565 exstat.

140 2590 171 2630 vt.
195 2591 226 2631 De
242 2591 343 2633 doctrino
352 2592 456 2634 Barnabae
473 2593 508 2634 cfr.
521 2594 611 2636 libellum
622 2607 698 2636 meum:
715 2594 762 2636 Dos
773 2595 843 2635 Scad-

81 2659 191 2702 scarabeo
207 2662 245 2702 des
260 2661 284 2703 A.
300 2662 416 2705 Barnabas
432 2669 470 2705 etc.
487 2676 506 2718 p.
523 2662 645 2708 ata—262.
668 2665 707 2706 'De
728 2663 799 2706 eadem
820 2677 843 2706 rc
