1789 2987
77 201 120 244 336
237 197 330 233 unauna
343 197 434 233 Pnsron.
460 196 525 233 LIBER
537 197 550 233 ΙΔ
575 197 632 232 VISIO
644 197 672 234 Ill.

78 308 111 360 qui
128 306 256 347 crediderunt
270 306 361 360 quiden,
383 307 486 360 plurimam
507 296 583 360 partem
600 306 698 347 habentes
716 304 837 359 iniquitatis;

76 382 160 432 propter
180 377 220 418 hoc
241 378 293 419 curti
314 383 334 419 et
355 390 395 419 nou
417 377 491 431 integri
511 377 577 418 sunif‘
610 375 706 429 „Candidi
730 379 795 416 autem
818 379 838 415 et

76 447 169 497 rotundi,
193 452 213 488 et
234 449 442 501 non-convenientes
462 448 481 487 iu
502 451 621 488 structuram
641 447 714 498 turris,
735 446 837 499 quisunt,

67 517 188 558 ‘domina?“
219 517 353 571 Respondens
376 518 424 558 mibi
448 517 508 558 dixit:
534 528 653 569 „usquequo
676 516 748 556 stultus
772 526 794 554 es
817 519 838 555 et

76 588 202 640 insensatus,
224 591 243 628 et
266 589 332 629 omnia
351 589 477 642 interrogas,
499 592 519 628 ct
539 587 587 628 nihil
606 587 718 642 intelligis?
748 587 773 627 Hi
791 589 838 626 suut

76 658 174 698 habentes
191 658 269 710 quidem
285 659 351 710 fidem,
367 659 465 699 babentes
482 663 548 698 autem
564 662 584 697 et
600 657 677 698 diuitias
693 658 752 710 lruJus
768 655 837 697 seculi.

77 728 142 776 Quum
152 739 208 782 ergo
225 728 431 781 verrerit'tribulatio‚
450 731 533 782 propter
549 727 626 769 divitias
642 740 689 769 suas
706 732 726 768 et
740 727 837 781 negotia-

76 799 142 839 tiones
167 798 266 854 abnegant
288 799 419 840 Dominum.“
450 798 583 852 Respondeas
608 798 652 839 dico
676 799 706 839 ei:
734 797 838 850 „domina

78 868 158 921 quando
170 881 220 923 ergo
232 869 291 910 utiles
303 875 362 910 crunt
372 868 488 911 uonunotl
517 869 595 921 „Quum
607 868 756 920 cir-cumcisae‚“
768 867 837 920 inquit,

79 938 167 991 „luerint
183 939 263 979 divitiae
279 952 360 991 eorum,
384 952 435 992 quae
456 950 492 979 eos
511 938 621 990 delectant,
643 942 690 979 tuuc
706 942 764 979 erunt
779 937 837 978 utiles

76 1009 162 1049 Domino
181 1009 204 1049 ad
221 1009 339 1050 aedificium.
370 1008 424 1051 Sicut
439 1009 491 1050 enim
506 1009 556 1062 lapis
572 1008 681 1061 rotundus⁷
703 1009 741 1049 nisi
757 1009 837 1049 decisus

77 1078 138 1119 fuerit
154 1083 175 1119 et
190 1080 286 1133 abjecerit
307 1079 331 1119 ab
353 1092 375 1120 se
397 1080 484 1133 aliquid,
504 1091 545 1119 non
566 1082 632 1131 potest
653 1078 760 1131 quadratus
781 1078 837 1129 ficri3

80 1147 126 1190 ¹sio
142 1153 168 1201 ct,
185 1149 218 1202 qui
234 1148 306 1190 divites
322 1149 402 1189 suntin
418 1148 457 1190 hoc
472 1149 549 1200 seculo,
566 1149 604 1189 nisi
618 1149 749 1189 circumcisae
763 1147 838 1189 luerint

77 1219 158 1261 divitiae
175 1232 251 1272 eorum,
267 1232 308 1261 non
319 1223 405 1273 possunt
415 1220 501 1261 Domino
512 1219 571 1260 utiles
583 1230 635 1260 esse.
666 1217 701 1260 2Α
716 1223 736 1259 te
752 1218 836 1273 primum
850 1232 851 1236 ¹

76 1290 133 1331 scito.
165 1290 248 1338 Quando
265 1290 321 1332 dives
337 1289 402 1343 luisti,
424 1290 498 1331 inutilis
521 1301 579 1339 cras3
600 1301 653 1330 nunc
674 1301 724 1330 vero
746 1290 798 1330 utilis
815 1300 837 1330 es

78 1364 97 1400 et
113 1364 169 1415 aptus
185 1361 239 1401 vitae
255 1365 314 1412 luae3
330 1373 376 1402 nam
392 1364 412 1401 et
427 1365 448 1401 tu
463 1360 507 1414 ipse
523 1373 550 1401 ex
566 1359 595 1400 eis
610 1359 708 1412 lapidibus
724 1359 797 1400 fuisti.“

138 1430 177 1470 Vll.
205 1430 315 1482 „Caeteros
333 1436 398 1472 autem
412 1431 496 1485 lapides,
513 1443 563 1484 quos
580 1431 645 1472 vidisti
659 1431 720 1486 longe
734 1431 837 1484 projectos

78 1514 89 1542 a
107 1501 167 1553 turri,
189 1505 209 1541 et
224 1505 328 1542 currentes
344 1503 364 1543 in
379 1503 422 1553 via,
444 1506 464 1542 et
483 1501 538 1542 volvi
559 1501 584 1541 de
604 1502 636 1542 via
654 1501 674 1541 in
689 1502 734 1541 loca
751 1501 836 1553 deserta,

78 1572 92 1612 ii
103 1575 154 1623 sunt,
166 1571 199 1623 qui
210 1570 339 1612 crediderunt
347 1572 433 1625 quidem,
446 1572 567 1612 dubitatione
576 1575 641 1612 aulem
650 1583 685 1612 sua
697 1569 838 1625 ³reliquerunt

78 1642 129 1682 viam
145 1653 201 1682 suam
217 1653 296 1694 veram,
312 1646 416 1695 putantes,
435 1654 458 1683 se
473 1642 578 1682 meliorem
594 1642 645 1682 viam
661 1653 722 1695 posse
738 1642 836 1682 invenire.

77 1712 151 1753 Errant
172 1716 249 1763 autem,
272 1716 292 1752 et
313 1712 382 1753 miseri
403 1717 459 1764 sunt,
480 1712 617 1766 ingredientes
638 1713 659 1752 in
679 1713 770 1753 desertas
787 1712 836 1753 vias.

78 1782 116 1831 Qui
132 1786 197 1823 autem
214 1780 311 1822 cadebant
326 1782 346 1822 in
362 1784 435 1837 ignem,
452 1787 472 1822 ct
487 1782 591 1835 ardebant,
607 1783 620 1822 ii
635 1786 687 1834 sunt,
704 1783 738 1835 qui
752 1783 772 1823 in
786 1794 837 1836 pcr-

77 1856 158 1905 petuum
175 1853 317 1893 abscesserunt
333 1865 343 1892 a
359 1853 403 1893 Deo
419 1854 478 1904 rivo,
499 1865 538 1893 nec
560 1854 642 1907 amptius
658 1853 696 1893 illis
712 1854 802 1894 ascendit
816 1853 837 1893 in

79 1924 151 1975 corda,
168 1924 309 1976 poeniteutiam
326 1935 400 1977 agere,
421 1928 505 1977 propter
521 1923 621 1964 desideria
639 1923 741 1964 libidinum
757 1936 837 1965 suarum

78 1996 98 2032 et
119 1993 230 2045 scelerum,
253 2006 305 2046 quae
326 1994 454 2046 operantur.“
488 1994 581 2045 „Caeteri
602 2006 663 2045 vcro,
685 1993 837 2047 quincadebaut

75 2064 133 2117 juxta
150 2076 224 2117 aquas,
246 2068 266 2103 et
281 2076 322 2105 non
337 2068 430 2116 poteraut
446 2064 500 2104 volvi
516 2064 536 2103 in
551 2075 624 2116 aquas,
646 2065 680 2116 qui
700 2064 776 2105 suntl“
809 2064 837 2116 „li

77 2137 129 2184 sunt,
146 2134 179 2186 qui
190 2134 273 2174 verbum
285 2134 397 2185 audierunt,
413 2134 505 2175 volentes
516 2134 611 2187 baptizari
621 2135 640 2174 in
655 2135 735 2176 nomine
746 2134 825 2176 Domini
830 2149 836 2185 3

79 2203 150 2255 quibus
167 2215 227 2255 quum
249 2206 303 2246 venit
323 2205 342 2244 iu
364 2205 479 2245 memoriam
499 2205 593 2245 sanctitas
611 2205 712 2255 veritatis,
733 2191 837 2246 retrahunt

77 2284 107 2324 se,
123 2272 262 2326 ambulantquc
277 2286 347 2314 rursus
363 2279 410 2327 post
425 2273 525 2315 desideria
543 2286 579 2315 sua
596 2274 703 2316 scelesta.“
735 2274 836 2316 Consum-

76 2344 137 2384 mavit
152 2343 214 2397 igitur
231 2344 379 2385 emanationem
394 2344 461 2385 turris.
492 2343 536 2398 Ego
550 2356 606 2395 vero,
624 2356 684 2397 quum
694 2343 760 2385 adbuc
771 2356 837 2386 essem

77 2410 209 2467 limprobus‚
231 2414 355 2468 interrogavi
375 2413 441 2454 illam:
463 2425 503 2466 „an
521 2414 545 2454 iis
566 2415 657 2455 omnibus
672 2414 780 2468 lapidibus,
803 2416 836 2469 qui

76 2484 162 2539 projecti
183 2488 239 2537 sunt,
261 2497 299 2527 nec
324 2483 471 2525 conveniebant
490 2483 511 2524 in
532 2487 651 2526 structuram
670 2486 742 2538 turris,
764 2490 837 2527 anesi

100 2599 118 2644 1)
132 2599 166 2634 cfr.
178 2600 236 2634 lllatth.
251 2600 278 2644 19,
291 2599 367 2635 21-24.
489 2599 508 2645 3)
521 2598 556 2633 Gir.
568 2599 584 2634 11
592 2601 637 2635 Petr.
650 2601 667 2646 2,
681 2602 709 2636 15.

100 2659 119 2702 2]
132 2659 212 2702 Hermas,
229 2664 280 2693 antea
293 2659 351 2703 dives,
369 2658 390 2693 ob
404 2657 447 2692 filios
489 2658 508 2703 4]
522 2659 534 2692 l.
553 2670 568 2693 e¹
587 2663 690 2704 velremcns,
710 2662 798 2706 cupidus,
817 2666 836 2694 ut

76 2718 159 2762 prodigos
176 2718 198 2751 ad
216 2718 291 2762 inopiam
308 2722 345 2751 crat
360 2717 447 2752 redactus.
466 2728 516 2761 supra
528 2718 563 2752 Vis.
576 2718 605 2762 ΠΙ,
619 2719 636 2752 3.

77 2774 111 2810 cu.
123 2775 159 2810 llis.
171 2775 185 2819 l,
198 2776 214 2811 3.
224 2787 244 2829 p.
259 2776 299 2812 324.
311 2781 346 2811 not.
359 2777 376 2810 7.
