1765 2987
237 165 257 202 II.
271 164 394 202 CLEMENTIS
407 166 436 202 AD
451 166 500 204 COR.
514 168 534 203 V.
547 168 574 203 VI.
620 213 622 216 7
744 170 784 212 141

28 287 80 326 eam,
97 275 132 327 qud
146 279 257 329 postquam
273 276 350 316 mortm'
365 274 462 327 sacratis,
483 277 545 319 dubet
563 282 688 330 potestatem
705 276 787 317 anianae

28 351 48 387 et
63 346 167 398 corporis,
183 352 206 387 ut
220 347 288 387 mittut
303 346 326 385 in
341 346 455 399 pulcenicum
470 349 533 401 cquis.
564 348 589 389 Et
604 348 688 400 scitote,
705 346 785 398 iratres,

27 415 81 469 quod
102 416 238 471 peregrinatio
261 416 327 456 carnis
348 416 406 470 hujus
427 419 447 470 in
468 418 507 459 hoc
527 419 600 460 mundo
621 419 689 460 brevis
710 421 741 458 est
762 429 786 457 ac

27 486 84 540 parvi
105 487 213 540 temporis;
234 486 340 540 promissio
361 491 425 528 autem
443 487 515 529 Christi
536 501 608 545 magna
631 492 650 529 et
666 487 786 529 admirabilis

28 560 65 608 est,
82 561 142 610 atque
157 557 239 610 requies
255 556 316 598 futuri
331 558 390 612 regni
406 570 429 599 ac
445 560 497 600 vitae
516 559 631 602 ¹aeternae.
658 559 709 608 Quid
725 559 786 613 igitur

27 627 119 669 faciendo
136 640 160 669 ea
176 628 273 682 consequi
288 629 411 682 poterimus,
433 629 471 670 nisi
492 635 561 670 sancte
580 630 676 683 justeque
697 628 785 669 vivendo

27 711 51 740 ac
72 698 188 753 operando,
206 704 230 746 *et
251 698 350 740 mundana
370 699 420 739 haec
439 703 532 753 tanquam
548 699 612 740 aliena
627 697 727 753 putando,
748 711 786 739 nec

27 769 59 810 itta
81 770 262 823 concupiscendo?
291 770 342 811 Dum
366 770 418 810 enim
441 781 465 810 ea
489 768 597 823 possidere
618 769 785 823 concupiscimus,

27 838 138 882 excidimus
154 852 165 881 a
180 841 213 882 via
226 840 286 894 justa.

28 1039 58 1081 VI.
89 1038 184 1082 Secutum
200 1045 340 1092 procrearet
357 1038 452 1090 faturum
471 1040 513 1080 daco
532 1038 619 1081 indanici.
650 1040 724 1094 Spreta
741 1040 785 1092 illo,

153 1110 193 1151 doc
208 1110 325 1163 dittpuurus.
355 1108 422 1150 Aliter
438 1110 497 1151 nullu
512 1111 589 1152 solatis
603 1124 658 1163 apes.

85 1192 138 1232 Dicit
153 1196 219 1233 autem
234 1191 341 1233 Dominus:
364 1188 453 1233 ²aattas
469 1204 544 1233 serrum
558 1198 629 1245 potest
648 1192 729 1234 derebus
745 1194 785 1235 do-

26 1262 89 1303 micio
105 1263 192 1303 seruire.
224 1261 297 1303 Sinos
313 1261 406 1303 volumus
427 1267 447 1303 et
462 1263 506 1304 Deo
522 1264 600 1305 servire
619 1267 639 1304 et
654 1276 785 1316 mammonae,

26 1332 174 1374 incommodum
189 1332 248 1373 uobis
264 1337 301 1373 est.
327 1328 397 1372 ³Noru
408 1319 462 1384 qaue
472 1333 561 1383 utilitas,
577 1333 597 1373 ri
608 1333 655 1386 qais
666 1334 786 1375 uniuersum

27 1403 123 1444 cunradum
140 1403 243 1453 lucretur,
261 1403 352 1443 anianum
368 1408 437 1443 aorem
452 1403 574 1445 detruncando
594 1403 693 1456 officiet?
722 1404 786 1446 Porro

27 1475 66 1516 hoc
89 1474 180 1515 secutum
204 1478 224 1515 et
247 1474 334 1515 futurum
357 1478 403 1515 sunt
426 1474 466 1515 duo
492 1473 571 1514 inimici.
610 1474 659 1515 Illud
685 1474 788 1528 praedicat

27 1545 159 1598 adulterium,
176 1544 322 1598 corruptelam,
343 1544 445 1586 avaritiam
462 1549 482 1585 et
497 1543 599 1594 fraudem3
623 1544 662 1585 hoc
679 1556 728 1586 vero
744 1545 787 1587 istis
823 1594 825 1599 y

26 1616 133 1657 renuntiat,
164 1615 209 1656 Non
226 1627 276 1669 ergo
293 1627 400 1670 possumus
422 1615 525 1656 amborum
545 1614 602 1654 amici
625 1626 683 1665 esse;
706 1619 787 1669 oportet

27 1690 104 1737 autem,
125 1690 147 1726 ut
167 1685 194 1726 itti
214 1685 362 1736 valedicentes,
385 1685 423 1726 lioc
445 1682 547 1726 ⁴utamur.
581 1683 693 1726 ⁵Putemus
714 1686 785 1727 melius

27 1769 85 1809 esse,
102 1769 153 1810 quae
169 1756 201 1796 hic
216 1760 273 1808 sunt,
295 1754 372 1806 odisse,
393 1755 438 1809 quia
453 1767 516 1809 parva
533 1760 552 1795 et
569 1754 637 1810 exigui
653 1756 749 1808 temporis
766 1760 786 1797 et

28 1827 151 1881 corruptioni
168 1827 256 1868 obnoxia
271 1830 328 1876 sunt3
349 1825 381 1866 itta
402 1831 467 1866 autem
489 1826 583 1881 diligere,
604 1830 673 1880 utpote
692 1827 745 1868 hona
767 1831 787 1868 et

27 1900 148 1952 incorrupta.
178 1898 283 1938 Facientes
307 1898 358 1939 enim
382 1896 507 1938 voluntatem
531 1895 615 1949 Christi,
638 1896 730 1950 requiem
751 1898 786 1938 in-

27 1970 131 2011 veniemus
137 1982 143 2019 3
159 1968 190 2009 sin
206 1968 282 2020 minus,
297 1968 346 2009 nihil
361 1980 399 2010 nos
415 1969 439 2009 ab
456 1972 538 2009 aeterno
555 1967 653 2021 supplicio
671 1968 753 2022 eripiet,
769 1969 787 2009 si

27 2039 118 2081 mandata
133 2038 186 2080 itlius
202 2039 364 2081 condemnamus.
396 2038 447 2079 Dicit
458 2038 510 2079 enim
522 2038 624 2092 Scriptura
637 2039 656 2079 in
668 2038 786 2080 Ezechiele:

28 2107 66 2152 ⁶sr'
82 2110 125 2151 Noe
141 2116 161 2151 et
172 2110 213 2151 Job
230 2110 340 2151 etDonr'el
353 2114 471 2162 resumant,
487 2122 531 2150 arou
547 2115 620 2150 eruent
635 2109 713 2151 liberos
728 2123 786 2161 suos,

28 2180 64 2235 qui
74 2187 124 2222 sunt
134 2182 156 2221 in
168 2181 294 2233 captivitate.
325 2179 402 2228 Quodsi
417 2183 523 2234 tantopere
533 2179 583 2234 justi
597 2179 634 2220 viri
647 2192 688 2221 non
701 2184 787 2234 possunt

25 2251 107 2306 Justitiis
123 2251 165 2293 suis
181 2263 255 2292 eruere
270 2250 345 2291 liberos
360 2262 420 2302 suos,
442 2262 492 2303 nos,
514 2250 553 2291 nisi
568 2250 664 2304 baptisma
679 2263 751 2304 purum
767 2254 787 2291 et

27 2322 174 2363 immaculatum
190 2322 346 2373 servaverimus,
362 2333 401 2374 qua
415 2320 535 2362 confidentia
549 2320 665 2362 intrabimus
679 2321 699 2361 in
710 2321 786 2375 regiam

28 2392 82 2433 Dei?
113 2392 155 2434 Aut
170 2393 215 2446 quis
230 2391 341 2432 advocatus
356 2396 428 2434 noster
445 2392 488 2444 erit,
504 2392 522 2433 si
532 2404 573 2433 non
585 2391 709 2433 inveniamur
724 2403 786 2445 opera

28 2463 60 2516 pia
76 2466 96 2503 et
108 2464 163 2517 Justa
179 2461 293 2504 hahentes?

52 2698 71 2741 4)
85 2697 121 2732 Μὴ
128 2697 203 2741 χρᾶσθαι.
440 2693 459 2738 6]
472 2693 535 2729 Ezech.
551 2694 578 2738 14,
593 2693 620 2729 14.
633 2693 661 2729 20.

53 2755 72 2801 5)
84 2755 115 2792 Ms.
128 2752 202 2799 οἰόμεθα.
