1765 2987
295 174 417 211 BARNADAE
429 176 540 224 urrsroun.
559 178 602 212 XIX.
799 178 827 221 47

70 286 134 337 beris,
152 289 192 326 non
208 284 325 326 adulterium
340 283 414 336 facies,
429 296 503 338 pueros
518 298 558 327 non
576 297 699 341 corrumpes.
729 283 786 326 1Νοη
801 297 828 325 ex

69 361 90 397 ie
106 355 190 396 verbum
207 356 244 396 Dei
260 355 279 395 in
296 354 420 407 quorundam
436 355 547 408 impurilaie
563 362 628 398 exeat,
661 355 723 398 1Νοη
739 355 826 409 accipies

68 439 177 482 personam
192 427 212 467 in
229 425 334 480 arguendo
352 425 461 479 cujuspiam
477 424 556 480 ³lapsu.
588 427 632 468 Eris
648 431 768 479 mansueluS,
786 426 826 467 eris

69 497 154 550 quielus.
186 495 353 537 lOonlremisces
374 494 398 535 ad
418 497 492 549 verba,
516 509 567 550 qnae
584 497 682 538 audivisli.
711 497 775 538 Fralri
791 500 825 537 luc

68 567 170 622 ignosces.
203 564 263 607 5Non
279 566 378 620 ambigas,
396 569 460 606 ulrum
476 566 563 607 futurum
580 564 718 619 isinnecne.
743 567 774 607 Ne
790 578 825 607 as-

68 648 134 678 sumas
150 637 170 677 in
187 649 258 677 vanum
275 632 363 677 ⁷nomen
374 636 459 676 Domini.
486 637 562 692 Diliges
577 637 690 691 proximum
710 641 764 677 luum
782 637 825 690 plus

68 720 126 761 quam
142 708 226 749 animam
240 712 298 748 tuam.
329 693 393 747 8lion
408 706 516 747 interficies
533 706 608 746 foetum
624 707 644 746 in
660 707 773 758 abortione,
788 718 827 746 nec

68 778 126 818 eliam
146 777 248 819 inlerimes
268 780 315 831 posi
334 776 461 828 nalivilaiem.
499 772 553 818 ⁹Ne
573 776 653 818 auferas
675 789 754 818 manum
774 780 826 817 luam

67 848 134 889 afilio
150 852 196 900 luo,
213 848 245 889 vel
261 860 272 889 a
288 847 327 888 filia
344 850 387 896 tua;
404 846 441 887 sed
455 860 466 887 a
481 847 567 900 puerilia
583 847 666 888 docebis
683 858 718 887 eos
734 847 826 887 limorem

66 918 151 959 Domini.
178 918 233 959 Boua
248 918 334 972 proximi
350 917 378 957 lui
394 930 434 959 non
451 919 590 973 concupisces,
611 916 626 942 ¹⁰
635 931 674 959 neo
690 919 729 959 eris
745 929 825 959 avarus.

66 988 137 1041 Neque
153 1001 179 1029 ex
195 989 258 1030 anima
274 993 307 1030 lua
322 989 441 1030 adhaerebis
458 990 550 1043 superbis
556 1003 562 1040 3
579 989 615 1031 sed
632 1001 675 1030 cum
689 988 749 1043 justis
766 992 826 1041 alque

66 1058 170 1099 humilibus
181 1059 308 1099 adscriberis.
337 1057 349 1082 ¹¹
361 1059 417 1107 Quae
428 1060 462 1100 libi
474 1061 591 1114 contingunt
605 1058 620 1083 1‘2
628 1060 754 1110 vexationes,
772 1064 825 1099 lam-

66 1140 124 1181 quam
135 1129 187 1170 bona
199 1129 284 1170 admille.
310 1127 378 1171 13Νοη
390 1131 429 1172 eris
442 1129 557 1172 inccnslans
569 1143 606 1171 neo
617 1130 711 1184 bilinguis
717 1142 723 1180 ;
739 1129 824 1182 laqueus

66 1199 117 1237 enim
133 1199 202 1239 morus
218 1204 249 1239 esr
264 1199 331 1253 lingua
347 1199 427 1253 duplex.
457 1201 573 1255 Subjicieris
587 1200 672 1240 Domino
685 1200 740 1252 Deo,
759 1197 774 1222 ¹¹³
784 1199 824 1240 dc-

65 1268 122 1308 miuis
138 1281 196 1319 vero,
214 1274 235 1309 ul
250 1270 287 1310 Dei
302 1270 389 1324 imagini,
408 1271 429 1310 in
446 1269 568 1311 verecundia
585 1274 605 1310 ei
617 1270 698 1310 innare.
732 1267 748 1292 ¹⁵
758 1269 789 1309 Ne
804 1269 825 1310 in

65 1338 195 1378 amariludine
211 1339 298 1393 imperes
314 1340 397 1379 ancillae
412 1343 445 1380 aul
460 1352 520 1381 servo
534 1344 576 1391 luo,
593 1340 660 1392 quiin
674 1338 759 1379 eundem
775 1350 825 1392 spe-

64 1413 120 1458 ranl;
136 1421 162 1448 ne
178 1408 230 1450 forle
246 1421 287 1450 non
300 1410 370 1450 timeas
382 1410 458 1462 Deum,
476 1411 509 1462 qui
522 1421 583 1462 super
594 1414 701 1461 uirumque
713 1413 754 1460 esl,
771 1421 825 1462 quo-

65 1479 117 1518 niam
130 1491 170 1519 nou
183 1480 238 1520 venii
249 1492 324 1520 vocare
337 1479 446 1520 secundum
463 1477 602 1533 ¹⁶pe1sonam,
618 1479 654 1519 scd
671 1479 781 1519 secuudum
798 1478 834 1530 id,-

66 1545 143 1601 ¹⁷qucs
155 1550 236 1603 spiritus
246 1551 402 1603 praeparaverit.
436 1546 452 1573 ¹⁸
462 1550 621 1591 Communicabis
637 1550 657 1590 in
674 1549 765 1589 omnibus
781 1560 826 1588 oum

64 1620 157 1671 proximo
174 1624 219 1671 luo,
235 1632 273 1660 neo
289 1620 395 1672 quidquam
412 1620 467 1660 dices
482 1621 594 1674 proprium,
615 1620 632 1660 si
649 1620 700 1659 enim
717 1619 736 1659 in
754 1620 825 1659 incor-
860 1665 864 1673 ¹

64 1689 128 1741 ruplis
144 1694 250 1730 consorles
264 1691 323 1741 estis,
340 1694 413 1742 quanio
427 1690 490 1743 magis
504 1690 523 1729 in
537 1690 572 1741 iis,
589 1702 640 1741 quae
654 1687 825 1742 corrumpunlur?

64 1758 109 1799 Non
122 1760 161 1799 eris
173 1759 241 1813 lingua
253 1770 351 1813 praeceps
356 1772 362 1808 3
378 1770 401 1799 os
414 1760 466 1799 enirn
479 1759 563 1811 laqueus
577 1764 607 1799 esi
620 1760 696 1799 merlis.
726 1759 824 1806 Ouanlum

64 1832 133 1881 poles,
155 1834 221 1869 casius
240 1831 268 1869 sis
292 1825 308 1852 ¹⁹
321 1830 391 1869 anima.
423 1825 441 1851 ²⁰
451 1829 496 1869 Noli
516 1829 623 1884 porrigere
644 1840 713 1869 manus
734 1834 778 1869 luas
799 1827 824 1867 ad

65 1898 213 1951 accipiendum,
235 1899 259 1940 ad
275 1898 360 1939 dandum
376 1911 426 1939 vero
443 1899 569 1939 conlrahere.
601 1899 676 1953 Diliges
693 1903 715 1938 ul
729 1898 823 1951 pupillam

65 1969 118 2009 oculi
133 1970 162 2010 lui
178 1982 268 2022 omnem,
288 1971 321 2022 qui
337 1971 371 2010 libi
386 1970 480 2022 loquelus
499 1969 583 2009 verbnm
598 1969 683 2009 Domini.
713 1966 730 1991 Ἣ
741 1968 763 2007 ln
779 1980 823 2007 me-

65 2039 147 2079 moriam
168 2045 221 2080 luum
243 2044 303 2081 nocie
323 2052 346 2080 ao
365 2039 396 2081 die
418 2040 524 2080 revocabis
542 2039 614 2093 judicii
635 2039 693 2079 diem.
724 2038 824 2091 Exquiras

65 2110 153 2161 quolidie
169 2110 234 2150 vullus
251 2115 375 2162 sanctorum,
392 2108 438 2149 ²¹²el
452 2111 471 2150 in
487 2122 581 2150 sermone
597 2121 632 2150 eos
648 2113 788 2162 perscribens,
805 2111 824 2147 el

65 2178 89 2218 ad
105 2179 251 2220 exnonandum
267 2180 374 2233 incedens,
391 2185 411 2221 el
422 2180 531 2231 meditans,
548 2180 649 2233 quomodo
664 2180 747 2219 animam
759 2178 823 2218 verbo

78 2281 107 2324 15)
121 2281 178 2316 Consi.
192 2282 251 2328 Aposl.
265 2283 301 2326 Vll,
315 2283 341 2317 13.
465 2283 496 2328 22]
509 2282 534 2317 Ila
547 2282 616 2317 Vossius
629 2288 646 2316 et
659 2281 764 2315 Gallandius.
786 2280 823 2314 Co-

121 2339 156 2375 cn.
170 2340 233 2385 Ephes.
247 2343 263 2384 6,
277 2342 294 2375 9,
452 2341 523 2374 delerius
540 2336 592 2386 legit:
612 2342 687 2372 uxorcula.
711 2341 762 2375 Nolle
779 2339 790 2371 l.
808 2349 822 2371 c.

78 2340 107 2383 rc)

79 2399 107 2440 17)
120 2398 155 2447 Cir.
169 2400 217 2433 Rom.
231 2401 248 2443 8,
262 2401 290 2433 29.
304 2400 331 2433 30.
453 2399 531 2442 conjicit:
549 2398 576 2431 did
592 2397 640 2442 λόγου
655 2400 717 2430 κοπιῶν
734 2411 758 2426 =
776 2403 791 2431 et
803 2398 822 2429 in

78 2457 107 2497 18]
122 2456 156 2490 Cir.
170 2457 208 2492 Aci.
221 2458 239 2501 4,
253 2458 281 2491 32.
303 2457 360 2492 Consi.
373 2456 433 2500 nposr.
452 2459 490 2493 illic
503 2460 606 2492 erudiendis
619 2459 694 2499 sudans,
708 2460 726 2487 ul
738 2453 795 2487 ITim.
805 2453 821 2496 5,

65 2514 101 2557 VII,
115 2516 143 2548 12.
454 2516 484 2548 17:
499 2514 514 2546 ol
526 2517 613 2551 κοπιῶντες
625 2513 642 2546 ἒν
654 2511 696 2556 λόγῳ
710 2527 734 2542 =
748 2514 778 2557 qui
791 2513 821 2545 la-

78 2572 107 2616 19)
120 2573 144 2605 lla
157 2576 231 2616 Daris.;
246 2574 277 2609 uls.
290 2572 334 2617 ὑπέρ.
453 2575 514 2608 borant
526 2575 546 2607 iu
557 2576 616 2608 cerba.
637 2572 689 2612 Forte
702 2570 737 2614 leg.
748 2569 775 2600 καὶ
783 2567 822 2599 δια-

76 2631 107 2673 20)
121 2630 155 2665 un.
167 2630 221 2665 Eccli.
231 2633 248 2675 4,
261 2633 288 2666 31.
303 2633 327 2675 (v.
338 2630 360 2664 36
373 2629 433 2675 Vulg]
451 2628 507 2675 λόγους
520 2631 553 2674 [se.
567 2627 629 2673 advoc]
642 2630 715 2669 σκοπῶν,
732 2637 822 2661 sermones

65 2688 123 2723 Consi.
137 2688 196 2732 Aposi.
211 2689 247 2732 Vll,
261 2689 289 2723 11.
453 2699 511 2722 eorum
524 2694 638 2732 perscrutans.

76 2746 108 2791 21)
121 2745 179 2781 Consi.
191 2744 252 2791 Apost.
265 2748 302 2791 Vll,
315 2749 332 2781 9.
