1765 2987
312 641 620 718 adunandis

189 781 363 836 nrrsrour
390 782 431 836 ln
460 780 676 835 coniurans
702 782 736 835 ra

121 994 138 1034 Ι.
169 993 280 1035 Salutatio.
311 994 369 1035 Laus
386 993 543 1035 Corinthiorum
558 1000 607 1035 aitte
623 1000 692 1035 cr'tnm
707 992 803 1034 schisma.

141 1074 250 1116 ²Ecclesia
266 1076 314 1128 Dei,
331 1088 382 1129 (prae
398 1075 473 1116 Romae
490 1073 661 1131 ³peregrinatur‚
678 1074 782 1116 Ecclesiae
797 1072 842 1126 Dei,

82 1158 133 1199 quae
145 1145 234 1187 Corinthi
245 1147 396 1200 peregrinatur⁷
411 1147 499 1197 vocatis,
516 1147 642 1187 sanctificatis
654 1145 756 1186 voluntate
768 1143 841 1197 divina,

81 1227 119 1268 per
130 1215 235 1255 Dominum
251 1220 341 1256 nostrum
354 1215 423 1256 Jesunr
436 1216 541 1257 Christum.
572 1217 638 1257 Gratia
654 1210 712 1257 vobis
729 1219 749 1256 et
763 1228 804 1268 pax
816 1214 840 1255 ab

81 1285 217 1338 omnipotente
233 1285 277 1325 Deo
297 1297 334 1338 per
354 1285 424 1326 lesum
440 1286 538 1327 Christum
560 1286 705 1340 multiplicetur.
736 1282 841 1337 4Propter

81 1355 156 1396 subitas
177 1367 201 1395 ao
223 1355 261 1395 sihi
281 1355 367 1395 invicem
388 1356 522 1407 succedentes
543 1347 664 1396 calamitates
686 1359 706 1394 et
722 1365 780 1395 casus
803 1352 841 1393 ad-

79 1436 159 1476 versos,
176 1425 209 1477 qui
220 1425 278 1466 nobis
290 1425 412 1477 acciderunt,
428 1425 511 1477 tardius,
528 1426 608 1477 iratres7
622 1425 769 1478 nosmetipsos
787 1435 839 1464 con-

77 1495 163 1536 vertisse
185 1493 339 1536 ⁵existimamns
360 1495 385 1535 ad
407 1507 443 1547 ea⁷
465 1508 517 1549 quae
539 1495 619 1536 fuerant
640 1496 729 1549 quaesita
747 1507 758 1535 a
775 1493 839 1545 vobis,

78 1565 155 1616 dilecti,
176 1570 195 1605 et
216 1565 240 1606 ad
261 1565 380 1606 seditionem
402 1566 480 1619 impiam
500 1578 523 1606 ac
539 1565 688 1617 detestandam,
710 1565 747 1604 Dei
768 1564 838 1604 clectis

77 1632 223 1689 fiperegnnam
240 1639 260 1674 et
275 1635 370 1686 alienam,
394 1648 451 1687 quamn
467 1636 525 1687 pauci
541 1636 632 1676 homines
648 1634 749 1675 temerarii
765 1640 785 1674 et
799 1646 838 1674 au-

77 1703 136 1744 daces
160 1704 179 1742 in
198 1708 271 1744 tantum
293 1705 412 1744 insolentiae
433 1705 580 1757 accenderunt,
603 1711 624 1746 nt
646 1701 797 1746 7honorificum
818 1708 838 1745 et

74 1773 151 1814 illustre
163 1785 236 1814 nomen
249 1779 345 1825 vestrum,
362 1778 382 1814 et
396 1774 419 1814 al]
436 1775 527 1815 omnibns
543 1775 604 1815 amari
619 1774 707 1829 dignum,
725 1774 837 1814 vehemen-

74 1848 105 1884 ter
116 1843 293 1896 blasphemaretur.
319 1840 329 1866 ⁸
337 1843 385 1891 Quis
399 1844 458 1895 enin,
472 1844 524 1897 apud
538 1856 576 1885 vos
589 1844 708 1896 diversatus,
724 1844 777 1884 omni
791 1844 836 1883 vir-

75 1918 117 1954 tute
130 1914 210 1967 plenam
224 1915 340 1968 firmamque
356 1926 379 1955 ac
392 1914 482 1954 stabilem
490 1914 556 1955 iidem
570 1918 658 1954 vestram
671 1925 713 1954 non
726 1912 835 1967 probauit?

75 1984 204 2038 sobriamque
220 1990 240 2025 et
256 1984 377 2026 moderatam
394 1985 413 2024 in
431 1983 509 2025 Christo
530 1986 624 2039 pietatem
645 1997 686 2025 non
702 1989 732 2025 est
748 1983 834 2024 admira-

75 2054 124 2095 tus?
145 2058 164 2095 et
180 2053 296 2108 splendidos
313 2066 336 2094 ac
351 2054 445 2095 liberales
462 2054 599 2109 hospitalitatis
614 2060 695 2095 vesu-ae
711 2065 778 2094 mores
794 2066 835 2095 non

74 2123 213 2177 praedicavit?
235 2128 254 2165 et
269 2124 380 2177 perfectam
399 2129 514 2178 certamque
535 2126 671 2180 cognitionem
692 2129 778 2166 vestram
794 2137 834 2165 non

74 2194 152 2236 beatam
174 2194 312 2236 existimavit?
344 2193 413 2235 Omnia
436 2197 487 2236 enirn
510 2196 554 2237 sine
574 2207 707 2249 personarum
729 2195 800 2236 intuitu
823 2208 834 2235 a

98 2345 117 2387 5]
133 2344 159 2379 Ita
171 2346 230 2390 legunt
242 2345 334 2379 Wottonus
348 2349 365 2378 et
379 2344 444 2379 Jacob·
488 2347 506 2389 7]
520 2346 549 2380 Sic
561 2356 630 2391 quoque
643 2339 687 2380 inimi
700 2356 715 2379 c.
727 2345 759 2378 47:
772 2342 792 2376 τὸ
804 2356 833 2376 σε-

74 2414 137 2446 sonus;
150 2402 246 2444 δυσοίζομεν
259 2403 328 2444 Junius3
346 2403 445 2447 γνωοίζομεν
463 2403 505 2446 μνόν
522 2407 549 2447 τῆς
565 2402 662 2449 περιβοήτου
674 2402 775 2446 φιλαδελφίας
787 2399 833 2443 ὐμῶν

74 2462 179 2495 Wetstenius
192 2467 209 2496 et
222 2460 378 2495 Schoenemannus.
463 2462 546 2505 ἐμείωσαν.

98 2519 116 2560 6)
130 2518 161 2552 lts.
174 2520 222 2557 ξένοις
234 2534 257 2552 ::
271 2522 343 2556 aduenit·
356 2522 375 2554 iu
388 2527 443 2565 terra,
486 2521 504 2562 8)
520 2522 548 2558 Τίς
555 2519 585 2565 γάρ
594 2540 615 2546 ·-
624 2518 723 2564 ἔπορεὺεσθε.
743 2520 774 2553 Hic
783 2520 832 2554 locus

75 2577 120 2621 quod
133 2576 191 2620 placet
204 2577 262 2613 llillio.
462 2579 525 2624 tegitur
537 2579 582 2623 apud
596 2581 699 2614 Cteruautam
708 2580 759 2613 diem.
770 2577 831 2613 Strom.

462 2637 489 2671 lV.
504 2649 518 2671 c.
533 2637 559 2670 17.
573 2649 590 2681 p,
604 2637 637 2670 610
651 2637 677 2670 ed.
693 2635 737 2669 Pon.
