1765 2987
180 185 274 220 neutras
285 184 376 220 PASTOR.
400 186 465 221 LIBER
477 187 505 223 Ill.
529 186 612 223 SllllLlT.
625 188 646 223 X.
748 186 792 230 437

38 306 118 345 acturos
129 307 175 337 esse
186 295 335 348 poenitentiam,
348 294 404 334 vitam
415 297 578 350 recuper·antes.“
599 297 708 349 „Permane
720 294 791 349 προ,α

37 370 105 424 inquit,
123 367 156 419 ,in
172 365 211 406 hoc
222 364 339 415 ministerio,
356 368 375 404 et
386 378 500 408 consumma
510 367 564 408 illud.
590 368 714 420 Quicumque
726 371 792 407 antem

37 439 126 483 mandata
148 436 208 490 lrujns
230 439 367 487 exequuntur,
391 437 492 477 habebunt
513 438 585 489 vitam,
608 441 627 476 et
646 437 679 477 hic
699 440 719 477 et
739 435 791 489 apud

36 509 141 553 Dominum
162 517 254 559 magnum
276 504 379 546 honorem.
410 508 533 561 Quicumque
554 520 605 548 vero
624 507 683 561 lupus
699 507 790 547 mandata

36 593 76 623 non
96 581 188 627 servant,
206 575 288 629 ,tugiunt
306 588 316 616 a
336 577 376 617 vita
397 590 443 629 sua,
465 582 484 618 et
503 578 634 618 adversantur
653 577 692 626 int3
718 580 737 617 et
757 576 791 628 qui

36 647 125 691 mandata
141 646 185 699 ejus
200 658 241 686 non
257 650 379 699 sequnntur,
394 647 452 688 morti
467 660 490 688 se
506 647 595 698 tradunt,
618 650 637 687 et
652 646 790 698 unusquisque

36 729 104 760 eorum
120 727 167 756 reus
184 716 222 755 erit
238 716 340 769 sanguinis
355 718 390 757 sni.
417 717 461 757 'libi
472 721 536 772 autem
548 715 599 766 dico,
615 720 636 756 nt
649 727 720 756 serves
732 728 791 755 man-

36 788 79 828 data
95 785 151 836 haec,
169 787 188 824 et
203 785 312 825 remedium
327 789 456 839 peccatorum
471 790 550 826 tuorum
569 786 655 825 omnium
672 784 775 825 babebis.“
794 822 796 825 Α

93 854 124 895 lll.
156 855 214 906 „llisi
235 859 300 895 antem
321 856 355 896 tibi
376 856 411 896 has
433 855 553 908 ¹virgines,
574 859 595 895 nt
611 854 699 895 habitent
714 858 792 903 tecum3

35 926 75 967 ridi
91 925 155 977 enirn,
178 937 212 965 eas
228 925 287 966 valde
303 925 391 974 affabiles
407 926 441 967 tibi
458 937 510 966 esse.
541 924 627 965 Habebis
643 925 704 978 igitur
719 929 740 964 tn
756 935 791 964 eas

35 995 147 1049 adjutrices,
164 1008 204 1048 qno
222 996 285 1049 magis
300 997 367 1048 possis
383 996 441 1049 lruJ'ns
457 989 548 1037 mandata
562 1007 656 1045 serrare3
672 1007 712 1035 non
724 998 790 1048 potest

35 1067 86 1107 enirn
101 1065 151 1117 fieri,
167 1070 189 1106 nt
205 1067 248 1106 sine
264 1066 294 1106 lris
308 1067 418 1121 virginibus
431 1067 481 1108 haec
492 1065 581 1106 mandata
593 1070 704 1105 serventur.
728 1063 789 1104 Vides

34 1121 99 1177 autern
116 1146 150 1174 eas
165 1135 251 1175 libenter
267 1147 313 1176 esse
329 1140 393 1177 tecum
399 1150 406 1186 3
428 1135 464 1177 sed
480 1141 499 1176 et
516 1148 554 1189 ego
570 1134 691 1188 praecipiam
707 1135 748 1185 eis,
769 1137 791 1175 ut

35 1205 114 1246 omnino
137 1216 148 1244 a
172 1203 231 1245 domo
255 1209 288 1246 tna
311 1218 351 1246 non
374 1205 482 1246 discedant.
522 1205 550 1246 Tu
574 1208 647 1245 tantum
671 1203 790 1244 communda

35 1268 130 1315 ²dornnm
140 1278 205 1324 tuarn3
220 1274 240 1313 in
252 1274 324 1315 nrnnda
336 1274 457 1316 enirn'dorno
469 1276 554 1316 libenter
565 1275 686 1325 habitabunt,
702 1273 789 1314 mundae

34 1348 79 1385 sunt
95 1345 153 1395 enirn,
170 1348 229 1397 atquc
243 1349 310 1385 castae
323 1349 342 1385 et
353 1346 469 1396 industriae,
486 1349 506 1385 et
517 1355 586 1385 omnes
597 1344 695 1384 habentes
706 1343 789 1396 gratiam

34 1412 84 1467 apud
100 1413 211 1455 Dominum.
241 1413 304 1467 Igitur
319 1414 336 1455 si
352 1411 444 1456 habueris
461 1415 540 1455 domnnr
557 1418 609 1454 tuam
624 1425 706 1466 puram,
725 1417 790 1453 tecum

33 1482 184 1535 permanebunt.
216 1481 236 1524 Si
252 1487 317 1522 autern
331 1483 423 1535 pusillum
440 1484 513 1537 aliquid
528 1482 670 1535 inquinationis
688 1481 789 1533 acciderit,

33 1552 123 1604 protinus
139 1565 150 1592 a
167 1550 226 1591 dorno
239 1555 275 1591 tna
288 1552 396 1602 recedcnt3
411 1552 449 1593 bae
461 1554 513 1594 enirn
523 1552 613 1605 virgines
624 1552 697 1593 nullutn
709 1551 789 1591 omnino

34 1622 117 1675 diligunt
132 1621 308 1674 inqirirrationem.“
340 1623 389 1662 Dico
406 1624 435 1663 ei:
453 1634 526 1676 ,spero
543 1635 580 1672 me,
598 1621 687 1672 domine,
703 1620 790 1673 planitu-

33 1703 75 1731 rnm
92 1691 134 1742 eis,
155 1691 182 1730 ita
201 1691 262 1731 utin
283 1691 341 1732 dorno
362 1704 405 1732 mea
421 1692 506 1733 libenter
522 1691 631 1731 inhabitent
647 1702 733 1743 semper.
764 1689 789 1730 Et

33 1761 84 1801 sicut
99 1760 122 1811 is,
139 1761 171 1800 cni
187 1772 218 1800 me
234 1760 337 1811 tradidisti,
354 1761 402 1801 nibil
419 1761 444 1801 de
459 1773 491 1800 me
507 1760 608 1813 queritur5
624 1760 650 1799 ita
665 1771 731 1811 neque
742 1759 788 1812 illac

34 1829 163 1881 querentur.“
195 1829 228 1869 Ait
243 1829 267 1870 ad
283 1835 385 1882 pastorem
400 1831 465 1871 illum:
489 1831 562 1882 „video
583 1841 663 1870 servum
680 1829 717 1869 Dei
737 1829 789 1870 velle

34 1895 120 1939 ³ridere
136 1903 156 1939 et
172 1898 273 1940 custodire
288 1900 339 1939 haec
354 1899 451 1952 mandata,
468 1904 488 1940 et
504 1900 593 1953 virgines
609 1899 645 1939 lias
661 1898 733 1938 munda
750 1898 788 1938 ha-

33 1967 128 2008 bitatione
145 1968 308 2009 collocator-uun
334 1969 388 2009 Haec
404 1981 464 2022 qnnm
479 1968 568 2020 dixisset,
584 1969 655 2009 iterum
670 1968 746 2020 pastori
761 1967 789 2007 illi

33 2048 64 2076 nie
79 2037 170 2090 tradidit,
191 2043 211 2078 et
226 2039 305 2079 vocavit
320 2038 422 2092 virgines,
443 2042 462 2078 et
478 2037 525 2078 dixit
542 2038 582 2078 eis:
605 2038 710 2090 ,quoniam
728 2037 788 2078 video

32 2118 70 2146 ros
85 2106 171 2147 libenter
186 2108 206 2147 in
222 2099 281 2148 domo
297 2108 356 2160 nujus
372 2108 472 2159 habitare,
495 2108 612 2148 commendo
634 2119 678 2147 eum
694 2107 753 2147 vobis
769 2112 789 2147 et

33 2175 112 2217 domum
129 2177 179 2231 ejus,
195 2181 217 2218 ut
232 2189 243 2218 a
259 2177 318 2218 domo
332 2178 376 2231 ejus
389 2189 430 2218 non
440 2176 540 2218 recedatis
552 2177 654 2218 omnino.“
680 2177 728 2218 lllae
739 2188 789 2218 vero

32 2245 118 2287 libenter
132 2247 183 2287 liaeo
199 2247 260 2288 verba
276 2246 387 2287 andierunt.

90 2316 122 2356 IV.
152 2315 185 2357 Ait
202 2315 273 2356 deinde
290 2317 348 2356 milri:
370 2317 467 2369 ,viriliter
482 2317 501 2357 in
518 2317 627 2358 ministerio
642 2317 683 2356 hoc
699 2327 787 2355 conver-

33 2395 89 2436 sare,
110 2386 164 2426 onrni
178 2386 253 2427 homini
269 2386 333 2427 indica
349 2387 447 2440 magnalia
463 2386 511 2439 Dei,
533 2393 553 2428 et
568 2387 651 2427 habebis
666 2386 749 2439 gratiam
767 2385 787 2425 in

32 2452 71 2494 hoc
86 2455 202 2497 ministerio.
233 2456 358 2509 unicumque
378 2468 428 2510 ergo
448 2457 469 2496 in
488 2456 518 2495 his
539 2455 634 2495 mandatis
650 2453 787 2505 ambulaverit,

32 2522 92 2574 vivet,
109 2529 129 2564 et
144 2525 193 2565 felix
209 2525 246 2565 erit
262 2526 281 2565 in
297 2525 336 2566 vita
352 2537 399 2576 sna;
416 2526 535 2578 quicumque
549 2535 598 2563 vcro
609 2523 729 2576 neglexerit,
746 2534 787 2563 non

32 2592 93 2645 vivet,
109 2599 129 2634 et
144 2595 182 2634 erit
197 2595 267 2635 infelix
282 2596 302 2635 in
319 2596 358 2636 vita
373 2606 416 2636 sna.
441 2595 476 2634 Dic
492 2594 590 2644 omnibns,
606 2598 627 2633 nt
642 2604 683 2633 non
699 2597 786 2644 cessent,

55 2684 74 2728 l]
88 2683 121 2718 cfr.
135 2696 185 2728 supra
199 2684 251 2717 Sinril.
264 2684 296 2728 IX,
311 2686 338 2718 15.
440 2685 459 2727 3)
471 2684 528 2717 Fellns
541 2683 603 2728 aliique
617 2684 710 2726 conjiciunt
722 2684 786 2729 legen-

55 2740 75 2777 2]
88 2740 122 2776 cfr.
135 2752 186 2785 supra
199 2741 232 2775 vis,
246 2741 262 2784 1,
275 2742 291 2777 3.
304 2743 328 2786 Il,
341 2744 358 2778 2.
417 2742 466 2775 dum:
481 2744 546 2777 cicere.
565 2744 654 2775 narras-u.
