1789 2987
70 210 114 255 290
233 209 364 245 IIARTIRIUII
378 211 394 245 S.
408 209 535 246 POLYCARPI.
548 211 599 247 XVII.
611 211 671 247 XVIII.

69 316 109 372 τῆς
125 314 147 359 ἐν
156 309 241 374 Σμόρνή
253 315 368 372 καθολικής
378 315 493 374 ἐκκλήσίας.
519 319 568 361 Πᾶν
578 317 617 377 γάρ
628 318 690 378 ῥῆμα,
706 312 719 363 ό
729 317 832 378 ἐξαφῆκεν

69 387 91 433 ἐκ
105 388 145 431 τοῦ
160 382 268 441 στόματος
284 384 359 439 αὐτοῦ,
375 385 410 429 καί
426 382 542 445 ἐτελειώθη
557 387 591 431 καί
606 383 778 447 τελειωθήσεται.

137 519 196 560 XVII.
222 514 343 571 ΑΡοίγοαιγνι·
361 531 438 570 corpus
456 519 584 561 Christianis
603 533 645 561 νιοιι
664 521 762 562 traditur.

126 592 148 642 Ὁ
164 597 189 641 <II
204 595 316 657 ἀντίζήλος
335 597 371 641 καί
391 592 496 662 βόσκανος
518 598 553 642 καί
571 598 677 658 πονήρός,
699 594 711 644 ό
728 598 832 644 Ιἀντικεί-

66 687 130 728 μενος
144 676 175 727 τῷ
189 669 244 727 γε’νει
258 676 300 713 τῶν
315 668 415 721 όικαίων,
436 665 487 712 ίόιόν
507 665 533 714 τό
554 687 578 713 τε
597 669 693 727 μέγεθος
709 666 779 714 αὐτοῦ
793 671 832 729 τῆς

67 741 191 801 μαρτυρίας,
206 741 243 784 καί
257 737 294 799 τήν
310 736 349 784 ἀπ’
364 736 430 798 ἀρχῆς
446 738 591 799 ἀνεπίληπτον
605 739 724 794 πολιτείαν,
740 740 831 801 ε’στεφα-

66 812 159 869 νωμένον
174 828 198 856 τε
213 814 245 869 τῷ
265 813 304 871 τῆς
325 808 451 872 ἀφθαρσίας
471 811 580 871 στεφάνῳ,
601 810 635 855 καὶ
654 813 754 872 βραβεῖον
771 807 831 855 ἀναν-

66 881 166 943 τίρρητον
186 879 361 941 ἀπενηνεγμένον,
383 876 535 940 ἐπετήδευσεν,
558 878 587 933 ιῦς
606 883 661 942 μήόὲ
682 880 707 928 τό
728 882 831 943 λείψανον

67 953 133 996 αὐτοῦ
154 949 193 1012 ἀφ’
215 949 274 1010 ήμιῦν
297 953 436 1011 Ίλήφθήναι,
460 951 538 1010 καίπερ
562 954 647 996 πολλῶν
669 952 831 1009 ἐπιθυμούντων

65 1029 129 1067 τοῦτο
145 1028 246 1083 ποιήσαι,
262 1023 298 1066 καί
312 1026 438 1082 κοινωνῆσαι
453 1027 484 1080 τῷ
500 1020 553 1080 ἀγίφ
569 1018 635 1067 αὐτοῦ
653 1023 741 1083 σαρνίιμ.
771 1022 831 1068 Ὑπέ-

64 1096 118 1149 βαλε
140 1096 190 1152 γοῦν
212 1090 305 1153 Νικήτήν
327 1093 364 1137 τόν
387 1095 427 1138 τοῦ
449 1091 546 1151 Ὴριόόου
568 1092 665 1153 πατέρα,
688 1091 783 1154 ἀδελφόν
806 1093 831 1138 όὲ

66 1165 162 1224 3ῚἈλκή-ς,
179 1164 270 1220 ἐντυχεῖν
286 1170 317 1222 τῷ
332 1155 423 1223 ἄρχοντι,
440 1162 495 1205 ὥστε
509 1159 540 1221 μή
556 1164 630 1208 θοῦναι
645 1163 713 1208 αὐτοῦ
728 1161 755 1208 τό
769 1169 830 1219 σῶμα

64 1237 135 1295 ταφῇ·
150 1233 196 1294 ,μή
213 1235 282 1295 φήσὶν,
298 1234 387 1294 ἀφέντες
400 1230 437 1278 τόν
450 1232 614 1293 ἐσταυρωμένον,
630 1236 708 1279 τοῦτον
722 1230 830 1294 ἀρξωυται

65 1307 190 1362 σέβεσθιιι.“
220 1307 267 1350 Καί
282 1307 350 1349 ταῦτιι
365 1299 437 1357 εἷπον,
458 1300 623 1359 ὑποβαλλόντων
643 1306 677 1350 καί
692 1302 829 1361 ε’νισχυόντιυν

64 1384 105 1422 τιῦν
121 1377 231 1430 ’[οοόαίιον,
248 1373 270 1421 όί
284 1376 319 1421 καί
335 1373 448 1435 ἐτήρησαν,
464 1372 581 1432 μελλόντων·
596 1375 655 1436 ήμιῦν
671 1376 693 1421 ἐν
707 1377 746 1420 τοῦ
760 1373 829 1436 πυρός

64 1443 187 1505 λαμβόνειν·
204 1448 337 1506 ἀγνοοῦντες,
354 1444 389 1492 ότι
404 1443 453 1492 οὔτε
468 1447 505 1491 τόν
520 1449 619 1508 Χριστόν
634 1464 689 1492 ποτε
704 1445 828 1492 καταλιπεῖν

65 1514 206 1577 όυνήσόμεθα,
221 1516 258 1563 τόν
272 1514 327 1577 ὑπὲρ
344 1520 382 1577 τῆς
396 1520 435 1562 τοῖ
450 1516 531 1569 παντός
546 1515 626 1575 κόσμου
643 1524 685 1562 τιῦν
703 1517 828 1573 σωζομένων

63 1590 171 1649 σωτήρίας
179 1588 281 1634 παθόντα
291 1589 311 1647 [⁴
320 1583 411 1643 ἀμωμον
418 1588 473 1648 ὑπὲρ
479 1588 631 1649 ’ἀμαριιολιῦν],
640 1584 691 1634 οῦτε
699 1584 771 1649 ἕτερόν
780 1605 828 1633 τινα

63 1660 175 1718 σέβεσθαι.
210 1661 292 1704 Τοῦτον
306 1658 344 1714 μέν
357 1657 410 1719 γάρ,
426 1659 472 1704 οίόν
488 1656 540 1703 όντα
555 1666 595 1704 τοῦ
612 1662 677 1713 Θεοῦ,
694 1665 825 1719 προσκυνοῦ-

62 1746 112 1785 μεν·
133 1729 183 1780 τοῦς
199 1729 223 1773 όέ
238 1726 359 1789 μοίρτυρας,
376 1728 404 1780 ιός
419 1729 520 1789 μαθήτάς
534 1730 569 1773 καί
583 1727 677 1789 μιμήτάς
694 1732 733 1774 τοῦ
747 1728 825 1789 κυρίου,

63 1798 177 1859 ἀγαπῶμεν
193 1797 266 1854 ἀξίως,
282 1799 341 1844 ἕνεκα
355 1799 438 1853 εὐνοίαις
452 1796 614 1861 ἀνυπερβλήτου)
628 1806 665 1861 τῆς
678 1800 710 1852 είς
722 1801 758 1846 τόν
770 1800 826 1845 ίόιον

61 1871 151 1925 βασιλέα
166 1871 200 1914 καί
216 1866 352 1915 όιόόσκαλον·
368 1866 396 1915 ὧν
410 1871 494 1929 γένοιτο
509 1870 544 1916 καὶ
557 1871 612 1930 ήμῦς
628 1867 792 1930 5σογιιοινωνοός
801 1887 826 1915 τε

61 1942 96 1987 καί
111 1943 253 2001 συμμαθητάς
268 1942 376 2000 γενέσθαι.

141 2074 208 2116 XVIII.
239 2074 354 2128 Ροίγτονμί
370 2087 447 2127 corpus
465 2073 600 2115 comburitur.
629 2075 744 2129 Reliquiae.

119 2150 175 2197 ’[όιόν
189 2147 226 2197 οῦν
240 2151 252 2198 ό
267 2150 462 2214 6[ἑκατόνταρχος]
475 2151 587 2216 κεντυρίων
602 2153 652 2213 7τήν
664 2157 707 2199 τῶν
717 2154 824 2200 ’[υυόαίων

60 2222 168 2281 γενομένην
182 2224 321 2283 φιλονεικίαν,
336 2225 387 2275 θείς
402 2220 468 2268 αὐτόν
483 2222 576 2281 ἐνμέσῳ
591 2230 631 2268 τοῦ
645 2223 717 2285 πυρός
732 2224 823 2270 ἔκαυσεν.

64 2290 128 2338 Οὕτω
144 2309 168 2337 τε
183 2290 243 2352 ήμεῖς
261 2294 347 2354 ὕστερον
362 2293 484 2350 ἀνελόμενοι
499 2294 527 2337 τό
541 2289 656 2353 τιμιώτερα
671 2294 740 2345 λίθιον
754 2297 823 2339 πολυ-

59 2364 124 2408 τελιῦν
139 2364 174 2407 καί
190 2359 323 2423 όοκιμιότερα
342 2358 398 2423 όπέρ
418 2363 504 2423 χρυσίον
525 2359 578 2408 όστιῖ
596 2364 670 2419 αἰτοῦ,
691 2363 823 2423 ἀπεθέμεθα

60 2431 117 2478 ὅπου
131 2434 166 2478 καί
181 2431 304 2481 ἀκόλουθον
319 2428 348 2493 ήν.
373 2430 440 2478 Ἔνθα
455 2434 484 2486 ιός
500 2435 589 2479 όυνατόν
603 2432 654 2494 ήμῖν
674 2436 823 2496 συναγομένοις

60 2501 81 2548 ἐν
101 2503 222 2562 ἀγαλλιάσει
241 2506 278 2550 καί
297 2505 354 2566 χαρᾷ
360 2539 366 2559 ,
386 2504 476 2565 παρέξει
496 2504 508 2549 ό
526 2503 599 2565 κόριος
613 2507 716 2552 ἐπιτελεῖν
730 2504 767 2567 τήν
782 2507 823 2551 τοῦ

83 2682 103 2726 1)
118 2680 140 2715 CI
149 2710 152 2717 .
165 2682 173 2716 I
186 2682 238 2718 Clem.
252 2694 267 2718 ο.
281 2683 308 2718 51,
474 2683 493 2727 3)
511 2686 552 2720 Alce
570 2689 628 2718 notum
647 2690 673 2718 εει
687 2684 764 2719 mulIerIs
777 2684 822 2719 inter

82 2739 101 2783 2)
114 2740 139 2774 Ita
160 2741 266 2776 Jacobsonus
287 2754 297 2776 ε
318 2742 356 2776 cod.
377 2742 430 2776 Paris.
451 2741 554 2786 Smyrnaeus
575 2753 643 2778 nomen.
669 2741 703 2776 Gfr.
724 2742 778 2789 Ignat.
799 2744 822 2780 ad

59 2796 108 2844 Vulg.
121 2799 193 2842 λήγθείή,
450 2800 585 2845 Smyrn.c.13.
605 2802 627 2836 ad
639 2800 699 2846 Polyo.
712 2812 727 2835 c.
740 2801 757 2836 8.
