1765 2987
179 174 192 209 l.
206 173 328 210 GLEIIIEIITIS
341 173 372 209 AD
386 174 435 210 COR.
449 174 520 211 XXVIII.
533 174 590 212 XXIX.
603 175 652 210 XXX.
768 177 796 219 93

96 329 181 382 XXVIII.
212 342 270 383 Deas
286 341 435 392 urrinnandin,
454 355 503 396 erac
518 344 626 396 faciamus
641 347 736 395 peecata.

97 422 146 464 Cum
157 424 222 464 omnia
238 424 298 477 igitur
316 422 321 447 ¹
332 423 376 476 ejus
387 424 451 464 oculis
463 430 482 465 ct
493 426 573 466 auribus
584 429 669 479 pateant,
684 428 795 466 metuamus

38 506 90 545 eunt,
106 497 126 533 et
140 494 228 547 impuras
245 493 363 547 cupiditates
379 505 485 546 pravorum
502 506 585 548 operum
602 494 730 547 deseramus,
747 499 794 534 uta

37 563 103 604 lutura
122 563 204 616 judicic,
220 563 264 617 eJ'ns
285 563 421 605 misericor-dn
442 569 539 618 tegamur.
571 564 662 612 Quonam
678 565 729 605 enirn
748 565 793 618 quis

36 637 127 674 nostrum
147 646 158 673 a
176 637 260 687 potente
281 633 325 687 ejtrs
346 646 405 675 marin
425 634 497 689 fugere
517 634 602 688 potest?
638 634 687 681 Quis
709 634 793 674 mundus

37 704 149 757 quempiam
163 703 187 744 ab
200 716 224 744 eo
236 703 359 758 transfugam
370 704 473 757 recipiat
496 704 548 744 Dicit
559 704 611 744 enim
622 703 695 744 alicnlri
706 701 794 756 186111]-

36 778 90 816 tura:
107 772 164 826 ³qao
181 774 222 826 ibo,
240 779 259 814 et
273 775 309 815 abi
325 787 339 814 a
353 774 410 826 facie
427 779 464 815 tua
479 773 619 814 occultabat?
641 773 665 813 Si
677 772 793 813 ascendero

35 844 58 884 in
74 845 166 894 coelam,
183 850 204 884 ta
220 845 266 884 illic
281 858 302 884 es
308 857 316 891 ,·
337 845 357 883 si
373 844 402 884 ad
418 849 486 884 termae
503 849 597 884 eatrema
613 843 696 894 abiero,
715 844 794 883 centra

36 920 73 954 tua
87 914 145 962 tate,-
167 915 187 954 si
207 911 315 954 4stratam
332 925 426 965 posuero
447 914 469 953 ia
485 913 575 966 abysso,
597 913 642 953 illic
658 917 689 953 est
703 912 793 965 spiritus

36 990 89 1026 tans.
121 982 185 1033 5Quo
206 970 269 1038 igitur
287 984 347 1024 abibit
368 983 476 1037 quispiam,
497 985 530 1025 vel
552 996 591 1038 quo
611 983 701 1038 aufugiet
719 984 743 1024 ab
760 995 792 1036 ea,

36 1055 70 1108 qui
86 1055 150 1096 amnia
167 1054 321 1109 complectitur?

85 1183 155 1224 XXIX.
187 1183 215 1223 Et
229 1184 354 1224 accedamus
371 1182 399 1223 ad
413 1184 480 1223 Deam
495 1183 518 1223 in
533 1183 644 1224 sanctitate
661 1183 739 1225 cardis.

92 1262 217 1305 Accedamus
234 1276 284 1318 ergo
301 1264 325 1304 ad
341 1276 386 1304 eum
401 1264 422 1304 In
437 1265 541 1304 sanctitate
557 1264 645 1316 animae,
669 1261 755 1305 6castas
772 1268 793 1304 et

34 1334 146 1387 impollutas
166 1346 235 1375 manus
257 1334 359 1375 elevantes
381 1333 405 1375 ad
426 1333 491 1386 illum,
515 1333 623 1388 diligentes
644 1334 753 1389 benignum
773 1338 793 1374 et

34 1404 185 1446 misericordem
207 1408 284 1457 patrem
305 1408 409 1456 nostrum,
432 1400 484 1458 ⁷an
507 1416 544 1445 nes
567 1404 605 1444 sibi
626 1405 664 1457 ipsi
686 1404 792 1446 electionis

34 1478 110 1527 partein
126 1474 180 1515 feeit,
207 1475 240 1516 Sic
256 1476 308 1515 enim
324 1475 419 1527 scriptum
435 1478 476 1514 est:
494 1470 592 1526 Squando
608 1473 715 1514 dividebat
731 1474 792 1514 altis-

34 1545 99 1586 simus
114 1550 192 1597 nentes,
209 1544 294 1597 quando
311 1543 459 1585 disseminavit
472 1544 529 1596 filios
539 1543 606 1596 Adae,
624 1544 733 1586 coristitait
749 1549 791 1585 ter-

33 1615 101 1655 minos
116 1616 208 1668 centium
223 1615 338 1655 secandam
353 1626 460 1654 mimeram
470 1612 598 1666 Anneianum
608 1614 655 1654 Dei.
681 1614 709 1655 Et
720 1614 792 1664 factas

34 1690 66 1724 est
82 1697 137 1736 pars
156 1685 243 1726 Domini
262 1684 341 1734 Jacob,
362 1684 468 1736 funiculas
489 1685 628 1725 haereditatis
650 1686 696 1737 ejas
717 1684 791 1726 lsrael.

34 1752 58 1793 Et
73 1754 93 1793 in
109 1753 147 1794 alic
162 1753 208 1793 lcco
225 1752 283 1794 dicit:
300 1749 362 1794 9ecce
372 1753 475 1795 Dominus
492 1754 547 1794 tollit
561 1754 602 1794 sibi
612 1760 692 1806 actitem
703 1767 714 1794 e
724 1755 791 1794 iiiedio

32 1823 130 1875 aetitiam,
144 1829 211 1875 prom
225 1824 286 1864 licerio
300 1823 408 1875 mimitias
424 1836 487 1864 areae
502 1837 554 1864 sane
571 1825 638 1873 tollit;
654 1829 674 1865 et
689 1837 716 1864 ea
731 1829 791 1877 aente

33 1893 72 1933 iila
87 1900 161 1934 senaa
176 1899 297 1934 sanctarum
313 1893 452 1947 coaccidentia.
584 1893 586 1896 ’

34 2021 96 2062 ΧΧΧ.
118 2021 238 2073 Faciamus,
251 2034 305 2074 qaae
312 2022 410 2075 placeam
424 2023 539 2075 faciamus,
552 2035 606 2075 qaae
617 2022 729 2075 displicent
738 2021 792 2073 neo,

316 2097 340 2131 ut
357 2091 509 2132 benedicamur.

93 2173 141 2215 Cum
156 2173 217 2227 igitur
232 2175 299 2226 partio
316 2173 382 2216 Sancti
398 2174 471 2226 simus,
492 2173 587 2215 iaciamus
605 2174 682 2226 omnia,
699 2186 751 2227 quae
767 2173 792 2214 ad

34 2244 158 2284 sanctitatem
169 2244 275 2296 pertnent,
291 2244 448 2285 obtrectationes
460 2243 578 2296 devitantes,
592 2244 681 2298 impuros
692 2256 716 2285 ac
728 2241 792 2285 ¹⁰im-

58 2395 78 2439 6]
91 2394 166 2428 Imitatur
178 2394 195 2429 S.
204 2393 274 2428 Paulum
286 2393 343 2428 inm*
356 2395 374 2437 2,
387 2394 402 2428 8,
423 2399 440 2427 ut
452 2404 513 2428 seusus
525 2395 557 2428 sit:
576 2393 624 2428 Deus
637 2394 669 2428 sibi
687 2405 708 2428 ex
722 2393 792 2439 reliquis

59 2453 78 2498 7]
91 2452 124 2487 nui
136 2453 176 2499 lege
187 2449 214 2490 οὓς
226 2464 264 2486 cnm
276 2451 358 2496 Divisio,
375 2459 404 2487 ant
423 2452 519 2485 hominibus
532 2453 665 2496 separavimus,
680 2458 697 2485 et
709 2452 751 2485 fecit
763 2450 792 2483 ἔκ-

34 2512 94 2555 snpple
107 2509 147 2552 ἡμᾶς
159 2511 187 2544 vel
200 2508 221 2542 vd
233 2510 277 2553 ἔθνη,
422 2511 467 2553 ioum
479 2510 534 2552 maog,
551 2516 570 2543 ut
586 2521 606 2544 ex
620 2519 660 2544 area
673 2509 770 2553 decerpitur
783 2505 792 2550 ἡ

58 2569 77 2612 8)
91 2568 142 2603 Dent.
155 2569 183 2612 32,
197 2569 213 2601 8.
227 2570 244 2602 9.
422 2565 488 2612 diruam}
496 2567 534 2600 Dec
543 2577 598 2611 sacra,
612 2577 656 2612 qnae
664 2567 682 2599 iit
690 2564 727 2610 ἅγια
734 2564 792 2610 ἁγίων.

58 2627 78 2672 9)
91 2627 145 2660 Recte
158 2626 257 2661 observavit
268 2627 346 2671 Frevius,
359 2628 403 2661 hunc
422 2628 512 2660 assensn.

34 2684 91 2719 locum
106 2683 212 2718 Clementem
230 2684 313 2719 conflasse
330 2691 366 2719 tum
382 2697 404 2719 ex
434 2685 463 2728 10)
476 2683 506 2716 nts.
519 2679 584 2732 dunois,
599 2681 648 2716 niatu
674 2679 791 2726 attilanis,

34 2741 84 2778 Num.
94 2742 122 2786 18,
131 2743 153 2776 27
166 2747 201 2776 tum
214 2753 235 2776 ex
247 2742 262 2776 Il
270 2742 325 2777 Paral.
335 2743 364 2786 31,
376 2742 402 2785 14,
420 2744 532 2778 libidinosos.
