1765 2987
173 199 303 235 lllARTYRlUll
316 198 333 233 S.
346 199 474 237 POLYCARPI.
487 202 538 239 XVII.
551 201 609 238 XVIII.
729 202 770 247 291

14 319 93 363 scopus.
125 308 189 351 Omne
205 310 257 351 enim
274 310 363 363 verbum,
380 310 434 364 quod
445 325 481 354 555
492 324 529 355 5115
541 313 612 366 5511511,
627 317 661 355 aut
671 313 773 367 impletum

14 385 44 422 est
59 370 228 436 aut-implebitur.

86 508 144 549 XVII.
175 508 289 561 Polpcorpi
305 521 382 560 cosmus
400 508 528 552 Oluisiiuuis
543 525 585 553 uou
601 507 698 554 truditur.

72 588 112 632 Sed
133 582 177 630 cum
198 588 287 630 aemulus
307 589 341 630 ille
362 595 382 631 51
403 591 482 633 15511155
502 597 522 633 51
537 593 611 645 malus,
631 595 773 648 justorumque

13 660 84 718 generi
101 659 229 713 ladversus,
246 660 325 716 insigne
340 661 392 702 illius
408 663 524 717 martyrium
541 669 645 716 cerneret,
663 676 773 717 moresque

14 735 36 775 ab
53 732 134 773 ineunte
150 736 215 773 aetate
234 732 401 785 irreprehensos,
423 737 443 773 et
464 745 509 773 eum
531 745 606 774 corona
623 733 773 774 immortalitatis

13 807 137 854 coronatum,
153 802 304 856 praemiumque
316 803 359 843 sine
370 804 510 844 controversia
524 807 661 857 reportantem
668 816 674 853 ;
691 816 774 857 operam

14 873 78 925 dedit,
101 886 127 915 ne
142 872 240 928 reliquiae
257 875 301 928 ejus
317 885 328 913 a
344 874 403 915 nobis
418 871 583 925 25111155555155,
606 874 697 928 quamvis
718 873 774 914 155111

13 944 32 985 111
48 943 116 984 155555
133 948 153 984 51
168 948 238 985 555515
250 943 303 985 111155
314 956 401 998 corpore
412 945 520 997 participes
531 945 574 985 fieri
585 949 687 998 cuperent.
717 944 773 999 Sug-

13 1015 75 1071 gessit
91 1006 142 1068 ergo
158 1013 249 1056 diabolus
260 1014 349 1066 Nicetae,
365 1013 450 1055 Herodis
463 1014 521 1068 patri,
537 1014 593 1055 fratri
608 1020 673 1056 autem
688 1011 772 1066 3111555,

13 1086 68 1131 adire
86 1086 238 1139 proconsulem,
258 1098 284 1126 ne
305 1098 379 1139 corpus
399 1086 452 1127 imus
472 1086 497 1126 ad
519 1086 656 1140 sepeliendum
672 1086 772 1127 traderet:

12 1170 48 1208 ue,
70 1156 143 1209 inquit,
164 1156 238 1196 relicto
260 1156 373 1208 crucifiuo,
396 1156 452 1196 111155
473 1156 542 1197 colere
563 1157 673 1210 incipiunt.
704 1156 772 1208 Atque

12 1228 62 1268 haec
78 1226 176 1278 dicebant,
193 1226 350 1281 suggerentibus
367 1231 386 1266 et
402 1226 521 1267 instantibus
535 1226 624 1280 Iudaeis,
640 1227 674 1280 qui
690 1239 772 1280 quoque

13 1298 172 1338 observaverant
187 1308 232 1347 nos,
249 1295 338 1349 exigue
355 1308 400 1335 euni
415 1301 555 1347 extractur0s3
571 1297 647 1351 ignari,
663 1297 717 1349 quod
734 1309 772 1337 nec

12 1367 117 1419 Christum,
134 1366 167 1419 qui
182 1378 220 1420 pro
236 1364 300 1406 5511115
316 1365 409 1417 omnium,
426 1367 458 1419 qui
475 1357 771 1418 151151515551155515111551,

11 1449 83 1492 passus
100 1442 131 1479 est
147 1434 287 1491 [tineutpatus
301 1447 338 1489 pro
351 1432 510 1490 peccatoribus],
526 1448 613 1489 unquam
631 1436 772 1489 derelinquere

11 1508 131 1562 poterimus,
147 1519 214 1560 neque
231 1506 289 1547 alium
305 1518 424 1559 quemquam
441 1506 515 1547 colere.
546 1506 602 1547 Illum
622 1507 686 1558 enim,
703 1509 772 1559 utpote

11 1579 70 1620 lilium
86 1578 125 1619 Dei
140 1576 256 1628 adoramus;
273 1581 372 1631 martyres
388 1588 438 1618 vero
454 1580 553 1628 tamquam
569 1575 648 1617 Domini
665 1575 773 1630 discipulos

11 1653 30 1689 et
48 1637 159 1690 imitatores
180 1648 251 1688 merito
273 1647 383 1701 diligimus,
405 1651 489 1701 propter
510 1646 589 1687 illorum
611 1648 703 1688 eximiam
723 1660 772 1701 erga

10 1732 81 1775 regem
101 1731 125 1759 ac
146 1719 261 1773 magistrum
282 1729 339 1758 suum
359 1717 521 1758 benevolentiam
527 1731 534 1768 3
556 1728 640 1770 quorum
661 1717 735 1759 utinam
752 1720 772 1757 et

10 1801 48 1832 nos
63 1790 132 1832 fiamus
149 1787 274 1831 5consortes
290 1799 314 1828 ac
329 1788 467 1842 condiscipuli.

88 1920 155 1961 XVIII.
186 1894 300 1972 Potasturpi
317 1930 394 1970 coimus
410 1918 545 1959 comburitur.
575 1919 691 1972 Reliquiae.

9 2015 11 2018 ⁴
67 2002 143 2043 Videns
167 2006 234 2042 autem
256 1996 367 2041 6centurio
388 2013 399 2040 a
419 2000 501 2041 Judaeis
527 2005 590 2042 ortam
613 2002 770 2053 contentionem,

9 2083 82 2125 corpus
98 2073 119 2113 in
134 2071 200 2112 medio
222 2070 275 2124 ignis
296 2070 382 2123 positum
402 2070 485 2111 exussit.
517 2070 584 2124 Atque
604 2071 631 2112 ita
646 2082 684 2112 nos
699 2075 771 2125 postea

10 2154 55 2183 ossa
76 2142 128 2184 illius
148 2141 232 2197 gemmis
252 2141 403 2194 pretiosissimis
425 2141 558 2194 exquisitiora
580 2145 600 2192 et
619 2155 681 2196 super
701 2155 771 2183 aurum

8 2213 123 2265 probatiora
139 2212 244 2263 tollentes,
260 2211 294 2252 ubi
309 2210 404 2263 decebat,
426 2211 562 2265 deposuimus.
593 2212 638 2261 Ouo
655 2211 714 2254 eliam
729 2213 770 2254 loci

8 2284 77 2335 nobis,
97 2287 119 2325 ut
138 2283 182 2324 fieri
202 2283 287 2336 poterit,
308 2282 329 2322 in
350 2281 484 2324 exsultatione
506 2288 526 2324 51
542 2282 615 2337 gaudio
633 2283 769 2338 congregatis,

8 2351 104 2396 DomInus
120 2354 236 2408 praebebit,
257 2352 342 2394 natalem
358 2354 447 2406 martyrii
463 2353 507 2407 ejus
523 2354 575 2394 diem
591 2354 707 2406 celebrare,
728 2357 769 2393 tum

29 2493 49 2537 4)
61 2492 170 2528 Parenthesis
186 2494 218 2527 ista
235 2502 292 2538 neque
308 2493 325 2525 15
338 2491 376 2526 Eu·
419 2492 438 2535 5)
456 2491 480 2525 Ita
499 2491 606 2526 Jaeohsonns
626 2503 636 2525 5
656 2490 694 2536 eod.
714 2490 767 2525 Paris.

7 2549 54 2585 sebio
63 2551 141 2595 habetur,
151 2562 207 2598 neque
216 2553 232 2585 in
242 2551 311 2594 Rufino,
320 2562 376 2597 neque
396 2550 444 2594 Vulg.
457 2549 546 2587 κοινωνούς.

7 2608 24 2641 ln
39 2616 100 2645 vetere
117 2616 176 2644 nostro
190 2610 292 2654 Interprete.
313 2613 376 2644 Ussan.
419 2609 437 2651 6)
451 2607 510 2642 Codex
526 2608 599 2642 Vindob.
618 2618 680 2642 vocem
696 2605 768 2640 ἑκατόν-

6 2664 109 2713 lnterpolata
125 2669 178 2703 luisse
196 2668 264 2703 videtur
281 2680 290 2703 a
306 2669 376 2704 librario
395 2670 499 2710 'repleanon
512 2668 595 2712 agnoscit.
613 2669 711 2701 15555555,

7 2728 92 2772 quopiam,
102 2729 156 2774 quiin
165 2729 221 2761 animo
230 2727 375 2762 hahebatIPetr.
419 2726 437 2768 7)
455 2725 549 2760 Articulum
568 2737 577 2759 e
596 2726 656 2760 codice
675 2725 767 2761 Vindobo-

7 2781 24 2827 3,
38 2784 65 2819 18.
85 2790 181 2821 incensor.
384 2786 443 2830 lnensi
455 2784 529 2819 restituit
541 2784 654 2819 Jacobsonus⁴

578 2843 626 2887 ter
