1765 2987
56 644 276 721 auoumn
306 644 411 720 vnn
442 646 747 743 nrosvomor
809 623 810 626 ‘

145 796 337 851 ‘nrtsrotn
360 798 402 851 nb
427 795 643 852 urbanarum.

251 1033 264 1075 Ι.
294 1033 397 1088 Diopneti
413 1033 555 1088 quaestiones,

84 1116 148 1165 Quum
164 1120 195 1170 te,
215 1114 352 1170 'amplissime
367 1117 479 1171 Diogneto,
496 1115 555 1157 valde
571 1116 649 1159 videam
665 1118 784 1171 studiosum,

24 1187 111 1228 divinum
120 1187 278 1229 Christianorum
291 1188 364 1229 cultum
376 1186 520 1241 cognoscendi,
532 1191 551 1228 et
562 1193 655 1230 accurate
664 1189 785 1243 diiigenter-

25 1270 64 1312 que
80 1263 232 1312 percontantem
249 1257 274 1298 de
290 1258 340 1310 iltis,
357 1258 388 1299 cui
404 1257 447 1298 Deo
464 1257 600 1311 confidentes,
618 1272 717 1313 quamque
733 1258 785 1300 reli-

23 1329 105 1383 gionem
122 1328 219 1380 colentes,
235 1327 329 1370 mundum
339 1328 404 1381 ipsum
415 1332 549 1381 aspernentur
565 1341 641 1381 omncs,
657 1321 785 1382 mortemque

24 1402 158 1451 contemnant,
174 1411 212 1439 nec
225 1411 268 1452 eos,
285 1400 319 1452 qui
330 1411 341 1440 a
352 1398 434 1440 Graecis
447 1399 473 1439 dii
483 1404 583 1452 putantur,
596 1413 632 1453 pro
645 1400 682 1441 diis
693 1401 785 1452 habeant,

23 1482 62 1511 nec
73 1469 196 1511 iudaeorum
207 1470 371 1524 superstitionem
383 1470 498 1523 observent,
515 1482 594 1524 qunque
608 1470 704 1511 charitate
719 1474 785 1511 mutua

25 1545 201 1592 commoveantur,
223 1545 242 1581 et
258 1553 294 1582 cur
309 1539 403 1582 ²novum
419 1541 458 1582 boc
473 1553 538 1596 genus
557 1547 591 1583 aut
608 1543 718 1583 institutum
733 1554 786 1583 nunc
855 1576 858 1579 .

25 1610 104 1652 demum
120 1612 245 1666 apparuerit,
267 1624 290 1653 ac
306 1624 346 1653 non
362 1613 430 1665 prius3
452 1615 555 1665 acceptum
578 1617 633 1653 certe
650 1605 715 1654 habeo
731 1617 785 1654 tuum

24 1681 64 1723 hoc
80 1680 201 1722 desiderium
213 1679 232 1735 ³,
249 1682 353 1735 Deumque
369 1695 433 1737 rogo,
455 1682 488 1736 qui
504 1686 524 1723 et
538 1683 634 1736 loquendi
654 1687 674 1723 et
690 1683 785 1724 audiendi

25 1752 83 1794 nobis
100 1751 212 1793 facultatem
228 1753 352 1807 suppeditat,
374 1757 395 1794 ut
410 1754 434 1794 ab
452 1765 476 1793 eo
492 1752 561 1804 detur,
582 1753 629 1794 mihi
645 1754 737 1806 quidem,
758 1754 785 1794 ita

25 1823 87 1864 verba
107 1822 186 1875 facore,
208 1827 229 1863 ut
248 1821 284 1864 4is
305 1823 339 1877 qui
360 1823 435 1865 audivit
452 1824 520 1876 utique
535 1823 607 1864 metior
622 1823 666 1873 fiat3
689 1822 728 1865 ⁵et
744 1824 784 1876 tibi,

26 1893 53 1934 ita
69 1892 182 1946 audirent
198 1894 276 1936 tristitia
291 1906 332 1935 non
348 1893 446 1935 afficiatur
460 1895 484 1944 is,
502 1894 535 1946 qui
551 1894 613 1934 verba
629 1892 683 1936 fecit.
750 1887 753 1891 ’

269 2093 291 2135 Π.
325 2093 413 2135 Vomitus
428 2093 540 2135 idolorum.

84 2175 130 2231 Age
150 2177 221 2231 igitur,
243 2173 367 2230 6postquam
388 2176 473 2231 teipsum
494 2188 505 2216 a
527 2176 604 2216 cunctis
623 2176 786 2230 cogitationibus,

25 2251 111 2287 mentem
126 2252 180 2288 tuam
202 2248 407 2301 praeoccupantibus,
428 2249 560 2302 purgaveris,
581 2251 601 2288 et
619 2247 787 2289 consuetudinem

26 2320 46 2358 te
62 2317 195 2372 decipientem
211 2318 318 2373 abjeceris,
334 2323 354 2360 et
370 2318 434 2360 factus
450 2318 520 2370 fueris,
535 2317 589 2359 velut
603 2319 627 2360 ab
642 2318 704 2370 initio,
721 2330 785 2359 novus

26 2456 71 2501 quod
88 2456 164 2490 defendit
181 2458 268 2493 dianonus
285 2458 303 2492 in
322 2457 396 2492 editione
414 2456 514 2503 particulam
535 2468 557 2488 τε.
588 2455 622 2489 Cir.
643 2456 740 2491 Hermann.
763 2457 785 2490 ad

26 2512 100 2558 Operum
114 2514 130 2548 S.
143 2514 210 2548 tustini.
415 2516 473 2560 Vigor.
485 2526 502 2559 p.
516 2513 550 2548 836
564 2520 581 2547 ct
594 2516 612 2549 J.
627 2516 646 2549 O.
660 2517 691 2549 nt.
706 2516 744 2549 Otto
759 2516 785 2557 (in

49 2572 69 2616 5]
81 2573 116 2604 Σοί
131 2584 153 2604 us.
178 2572 203 2606 Ita
221 2574 291 2608 codices
308 2576 352 2608 msti.
377 2575 395 2609 In
415 2574 456 2607 edit.
467 2573 540 2617 Operum
550 2574 570 2606 S.
580 2574 652 2607 Jostini
664 2571 682 2606 T.
690 2571 710 2605 n.
720 2584 736 2616 p.
744 2573 785 2605 464.

27 2629 102 2664 editione
120 2631 197 2673 secunda
218 2643 236 2663 τε
258 2632 275 2665 in
299 2631 317 2665 ot
339 2638 396 2666 muta·
415 2631 454 2666 Not.
470 2630 506 2673 7.),
527 2635 544 2664 et
563 2630 581 2663 in
598 2628 642 2662 libro
661 2631 745 2676 Epistola
765 2632 787 2665 od

26 2688 87 2722 vimus.
112 2689 146 2723 Sed
163 2689 207 2734 apud
222 2690 314 2734 scriptores
327 2701 396 2735 quoquc
415 2692 479 2736 Dioqn.
493 2688 519 2723 ed.
532 2687 553 2721 ΙΙ.
569 2688 619 2721 1852.
632 2699 650 2732 ρ,
663 2687 691 2722 83.

27 2745 107 2784 classicos
123 2747 153 2790 uir
166 2758 223 2793 saepe
232 2755 332 2797 sequentem
344 2749 396 2783 habet
438 2746 458 2794 6)
472 2745 505 2782 Cfr.
519 2745 582 2794 Ephes.
596 2745 613 2792 4,
627 2746 647 2782 21
662 2758 699 2794 sqq.
