1789 2987
61 197 141 232 Lmtv
277 158 280 169 ‘
356 192 528 231 PROLEGOMENA.
683 194 822 240 [unanimum

121 305 151 344 De
167 303 263 356 martyrio
280 302 299 344 S.
316 301 421 355 Polycarpi
436 301 537 354 Ireaaees
552 301 570 358 ¹)
587 313 667 356 quoque
682 302 745 343 verba
763 301 820 343 feeit:

61 369 109 414 'End
128 367 184 415 scota
204 366 245 429 γάρ
265 368 380 428 παρέμεινε
400 370 561 428 (Polydamas)-
582 370 618 413 eat
635 364 692 413 eden
712 369 822 428 γηραλέος,

61 436 153 491 ἐνδόξως
167 439 204 482 καὶ
220 438 380 498 ἐπιφανέστατα
395 435 543 498 μαρτυρήσας,
560 440 638 498 ἐξῆλθε
653 444 692 482 eod
706 437 763 494 βίου.

120 513 214 555 Similiter
229 512 363 565 Hieronymus
374 509 408 566 U:
425 511 501 552 Postea
516 525 578 564 eero,
594 517 694 567 repetente
709 511 735 552 ll.
752 511 821 553 Anto-

61 584 111 624 uiao
128 588 148 622 et
162 582 186 623 L.
203 581 290 624 Aurelio
308 574 428 633 denentiae,
447 588 525 635 quarto
538 589 590 635 post
603 584 706 625 Neronem
719 595 821 635 perseco-

61 655 130 704 tioae,
153 653 267 708 Smyrnae,
289 653 375 694 sedeate
390 652 529 704 Proceasaale,
553 659 574 694 et
588 655 687 696 aeream
701 654 782 707 popolo
799 654 838 699 io.

62 724 214 776 oarpleitlueutro
231 724 334 765 aduersus
350 736 395 764 eam
408 730 544 775 personante,
561 725 605 777 ipat
621 726 711 766 traditos
727 730 762 765 est.

121 796 152 836 Vl.
184 795 253 837 Totam
275 795 375 837 ecclesiae
396 794 524 850 Smyrnensis
545 795 649 849 epistolam
669 807 740 850 nemo,
763 809 821 850 quem

62 866 125 907 sciam
140 866 159 906 in
177 865 257 907 dubium
273 866 364 915 voearit3
386 866 464 919 ipsique
484 866 548 906 oritici
568 866 684 920 rigidissimi
704 867 782 908 laudem
803 868 822 908 ei

63 939 176 979 tribuerunt
186 936 215 993 ³).
245 938 284 990 lis,
306 950 357 990 quae
372 949 433 991 supra
450 934 496 992 [Nn.
512 935 539 991 1.)
556 949 582 977 ex
597 936 677 978 Valesio
696 938 821 991 protulimus,

62 1020 85 1049 ea
102 1008 205 1060 addemus,
223 1020 275 1060 quae
290 1008 434 1048 illustrissimus
446 1007 561 1061 Scaligerus
577 1008 597 1047 in
608 1006 822 1049 animadversionibus

62 1080 104 1119 suis
120 1078 239 1119 Eusebianis
256 1077 287 1131 [p.
306 1077 360 1132 121)
377 1078 448 1118 effatus
465 1081 501 1118 est.
531 1076 590 1117 Haec
605 1082 661 1127 sorra,
677 1078 746 1131 inquit,
761 1083 822 1119 aetu-

61 1149 156 1189 rossana
167 1148 206 1188 tlte
217 1148 319 1188 eeclesiae
330 1148 439 1201 arrortpru'e,
451 1151 539 1200 qrre'rum
550 1138 639 1190 lectione
646 1149 730 1201 piorum
739 1149 822 1190 dodanus

62 1220 93 1259 lta
109 1218 210 1271 (afficitur,
227 1224 252 1258 at
265 1231 377 1270 numquam
392 1224 452 1259 satur·
468 1219 518 1259 dede
530 1219 603 1259 redeat
608 1233 616 1267 ;
631 1208 689 1272 quod
699 1220 781 1273 quidem
791 1221 822 1260 ito

62 1303 114 1340 esse,
131 1289 275 1342 troasquisqoe
289 1301 329 1341 pre
347 1294 410 1341 cepae
425 1302 464 1330 suo
480 1295 500 1330 et
515 1291 657 1331 eonscientiae
673 1291 734 1331 ruodo
745 1292 823 1332 sentire

60 1366 135 1413 polest.
163 1360 222 1400 Certe
238 1373 274 1413 epo
291 1361 344 1401 1111111
360 1374 451 1414 tauquam
467 1362 489 1402 ire
504 1360 596 1401 distorta
612 1360 757 1402 eeclesiastico
770 1362 822 1412 eidi,

63 1431 153 1482 areijas
170 1430 258 1471 lectione
277 1432 399 1473 cororootler
419 1432 528 1482 recedam,
550 1438 573 1473 ut
592 1444 634 1473 noa
654 1433 745 1484 orrrplias
765 1444 822 1473 meus

64 1514 109 1541 esse
126 1501 205 1541 ridear.
435 1554 437 1556 ι
736 1555 737 1559 ¹

123 1571 202 1612 Nostris
224 1572 348 1624 temporibus
370 1574 487 1626 praesertim
506 1573 625 1614 Muellerus
647 1573 742 1627 epistolae
763 1573 822 1627 hujirs

63 1654 143 1683 causam
160 1642 201 1696 egit
213 1639 240 1696 ¹¹).

122 1712 231 1753 Nonnullas
247 1712 340 1764 lacinias,
361 1711 479 1766 praesertim
500 1710 585 1753 fabulam
606 1712 631 1752 de
647 1712 739 1753 columba
755 1725 771 1752 o.
789 1710 822 1765 16,

63 1783 160 1836 epistolae
175 1788 257 1825 nostrae
271 1796 281 1824 a
293 1784 439 1836 posterioribus
450 1782 526 1823 additas
537 1794 590 1834 esse,
606 1782 754 1824 contenderunt
765 1782 822 1823 Heu-

62 1865 146 1894 mannus
158 1851 178 1907 ⁵]
195 1857 215 1894 et
230 1853 274 1903 alii;
294 1865 333 1893 non
349 1852 415 1906 plane,
431 1856 453 1892 ut
469 1851 554 1903 videtur,
570 1853 651 1905 injuste.

120 1923 217 1976 Equidem
237 1923 323 1963 nltimam
345 1923 414 1976 eapitis
436 1922 464 1963 22
485 1922 611 1974 particulam,
634 1934 686 1975 quae
708 1922 733 1962 de
753 1922 822 1962 Pionio

61 1993 161 2045 loquitur,
180 1992 267 2045 spuriam
284 2004 359 2032 censeo
376 1996 395 2032 et
411 1993 434 2032 ab
452 1991 485 2031 illo
502 1991 625 2043 contectam,
648 1992 681 2044 qni
697 1984 823 2045 supposititia

61 2063 100 2103 ista
116 2062 135 2103 S.
149 2062 253 2114 Polycarpi
269 2066 319 2113 aeta,
336 2073 420 2114 quorum
436 2072 504 2114 supra,
520 2074 538 2114 p.
549 2060 652 2101 LXXXlll.
667 2061 713 2102 Not.
726 2059 746 2114 3,
762 2074 821 2101 men-

62 2132 137 2171 tionem
158 2131 254 2183 fecimus,
277 2143 370 2184 quaeque
386 2131 455 2171 Pionio
477 2129 528 2171 false
548 2130 698 2183 adscribuntur,
721 2132 822 2185 genuinae

62 2202 220 2254 Smyrnaeorum
232 2201 329 2254 epistolae
340 2200 390 2240 mala
402 2199 472 2240 fraude
483 2198 578 2253 adjunxit.
602 2201 736 2242 Verbis'enim
746 2196 822 2249 καθώς

62 2264 152 2325 δηλώσω
174 2266 195 2310 ἐν
216 2268 247 2323 oq]
268 2266 363 2323 καθεξῆς
384 2268 558 2310 Pseudo-Piouins
580 2270 664 2323 indicat,
688 2273 821 2325 sequentihus

61 2339 87 2396 [i.
105 2355 122 2382 e.
138 2341 194 2381 Acris
211 2341 284 2393 spuriis
301 2337 398 2393 adjectis)
414 2351 437 2379 se
453 2339 599 2381 declaraturum
615 2353 671 2394 esse,
690 2354 742 2395 quae
757 2342 821 2396 Poly-

62 2422 134 2465 oarpus
150 2422 187 2465 per
202 2409 348 2451 revelationem
364 2408 402 2461 ipsi
418 2409 580 2451 manifestaverit.

85 2536 102 2578 1)
116 2534 284 2578 Adv.Haer.lll‚3.
304 2534 431 2578 sputamen
452 2536 735 2583 1111111111.μεΜΙπΙεε.
753 2538 771 2572 T.
785 2537 820 2573 vll.

60 2593 103 2628 Hist.
116 2595 159 2628 eccl.
173 2594 201 2636 lv,
217 2594 244 2627 14.
451 2604 468 2637 p.
482 2593 509 2626 51.
533 2592 535 2595 ⁴

84 2652 102 2691 2)
116 2652 141 2684 De
154 2653 195 2686 viris
208 2652 267 2686 illustr.
282 2663 297 2685 e.
312 2650 339 2684 17.
475 2652 494 2692 4)
507 2651 593 2698 Patrolog.
612 2654 629 2687 T.
647 2655 659 2688 l.
679 2666 696 2699 p.
713 2656 754 2690 410.
786 2655 819 2690 cf,

84 2708 103 2751 3)
117 2710 160 2743 Vide
173 2712 277 2753 Tutemet,
295 2709 386 2744 lle'moires
399 2715 431 2743 etc.
451 2711 537 2753 Neaader,
552 2710 592 2744 ltu.
605 2711 623 2745 T.
637 2711 650 2745 1.
664 2713 679 2746 1.
693 2725 710 2758 p.
725 2714 758 2747 186
771 2725 808 2759 sqq.

61 2765 79 2800 T.
88 2766 108 2800 ll.
117 2778 134 2811 p
143 2768 176 2801 341
186 2779 223 2814 sqq.
236 2769 264 2802 ed.
274 2768 346 2802 Veneta.
361 2767 406 2801 1732
415 2773 433 2802 et
473 2767 492 2810 5)
505 2767 548 2801 Vide
554 2769 593 2803 Not.
600 2769 611 2802 4
619 2769 640 2803 ad
651 2782 665 2804 e.
674 2770 695 2804 16
704 2770 748 2805 infra
756 2782 772 2815 p.
779 2771 819 2805 288.
