1789 2987
380 199 553 254 mouuoousnn.
714 215 845 264 [errsromu

162 332 222 372 solem
235 330 275 382 jrnn
293 324 411 376 cecidisset,
433 326 491 379 cnjus
506 326 566 368 fatale
585 324 684 367 excidium
702 326 747 366 solo
763 325 808 367 zelo
826 329 845 366 et

162 399 243 440 internis
258 396 308 437 rixis
324 394 457 435 acceleratum
474 395 551 447 fuerat,
573 396 664 437 Clemens
685 394 732 435 illud
748 396 845 436 moestis-

161 469 231 508 sirnnrn
252 465 364 519 exemplum
386 468 442 504 certe
462 476 504 505 non
525 466 638 517 omisisset,
660 465 777 519 praesertim
798 465 845 517 quin

160 538 256 579 Dominus
267 540 306 576 tem
318 535 429 576 luculenter
438 540 510 576 ennete
518 535 654 588 praedixerat.
671 533 710 575 Clr.
725 534 845 575 tto‘odr'seh-

160 620 231 658 rnonn,
248 606 350 646 Vindioiee
366 605 458 645 Petrinee
473 617 493 658 p.
509 603 544 646 54.

119 675 144 732 e)
161 677 213 718 Aule
229 676 335 718 Domitiani
351 679 454 728 tempora,
470 679 490 716 et
506 674 566 728 paulo
582 679 628 728 post
642 672 730 716 Neronis
745 685 845 728 persecu-

161 747 234 786 tionem
243 746 346 799 epistolem
356 748 445 785 nostram
454 744 547 798 scriptam
556 757 609 797 esse,
618 744 689 785 suadet
697 744 759 786 cultus
767 744 846 785 Jndeioi

160 817 240 867 mentio,
251 815 271 855 in
282 816 355 873 templo
364 813 545 868 Hierosolymitnno
553 818 601 854 tunc
609 814 673 854 adhuc
681 818 746 855 stante
753 814 845 868 rigentis.

122 934 124 937 Ι
161 885 220 939 Capp.
237 884 265 926 ro
280 890 300 925 et
316 884 350 925 41.
380 884 412 925 Ad
429 885 566 926 enervandum
579 885 618 926 hoc
631 889 768 939 argumentum
779 883 845 925 Lerd-

161 967 222 996 nerus
243 958 263 995 el
283 954 316 994 elii
337 954 450 1007 exemplum
460 954 529 995 Flavii
544 955 629 1008 losephi
649 955 790 1007 proterebant,
812 955 846 1007 qui

159 1024 182 1066 A.
199 1023 226 1067 93
242 1038 260 1078 p
278 1024 312 1065 Ch.
328 1037 347 1065 ni
365 1023 390 1064 de
406 1025 510 1065 sacrifieiis
527 1038 566 1066 non
583 1025 641 1065 aliter
657 1025 771 1079 disputavit,
789 1025 846 1066 acsi

159 1096 252 1149 ternplum
269 1095 332 1137 edlrno
348 1096 458 1136 exstitisset
470 1094 494 1150 ¹).
522 1095 561 1137 Sed
576 1107 610 1136 res
623 1100 714 1147 utraque,
730 1095 814 1148 losephi
826 1100 847 1135 et

160 1165 278 1219 Clementis,
293 1166 355 1220 longe
371 1165 472 1206 dissimilis
488 1169 524 1205 est.
554 1164 669 1219 Josephus,
690 1176 761 1205 sacros
777 1165 845 1218 populi

159 1237 191 1277 sni
201 1238 252 1277 ritus
264 1236 388 1288 describens
403 1248 441 1289 per
451 1235 543 1291 figurem,
558 1235 659 1277 historicis
670 1247 710 1276 non
726 1235 845 1287 inusitatam,

160 1307 269 1361 praesenti,
286 1306 339 1360 quod
356 1306 445 1358 dicimus,
460 1306 557 1348 historico
572 1307 638 1347 utitur.
668 1306 760 1347 Clemens
772 1311 845 1358 autem,

161 1382 182 1418 ut
198 1376 312 1418 Corinthios
330 1376 354 1417 ad
371 1376 462 1418 ordinem
478 1376 597 1418 servendum
619 1376 715 1428 adducet,
735 1377 845 1419 leolorihns

161 1447 252 1488 ordinem
268 1447 345 1488 ludaici
361 1447 425 1488 cultus
441 1452 487 1489 ante
503 1448 574 1489 oculos
594 1449 655 1501 ponit.
687 1448 764 1497 Quodsi
779 1452 845 1489 eutem

160 1518 253 1571 templum
262 1519 303 1572 jhm
315 1518 386 1559 luisset
397 1518 525 1571 destructum,
542 1522 582 1559 tole
594 1518 613 1561 S.
623 1518 686 1559 Putris
697 1519 844 1573 argumentatio

160 1587 231 1629 inisset
246 1588 328 1640 infirma,
345 1590 428 1642 ipseque
440 1588 567 1629 adversarios
580 1589 690 1641 invitasset,
705 1593 726 1629 ut
742 1588 844 1631 dicerent:

159 1670 192 1709 en,
208 1659 317 1698 eversione
328 1659 395 1712 templi
406 1658 581 1711 Hierosolymitani
592 1658 647 1700 Deus
658 1659 702 1713 ipse
714 1664 796 1701 testatus
808 1665 844 1713 est,

159 1727 216 1767 talem
234 1726 323 1767 ordinem
339 1728 377 1767 sibi
393 1740 433 1767 non
450 1740 497 1768 esse
513 1733 633 1781 exoptatum.

141 1797 173 1838 Ex
188 1797 218 1837 his
230 1797 350 1852 colligimus,
366 1799 470 1852 epistolem
481 1804 569 1840 nostrum
581 1799 687 1840 desinente
696 1799 783 1842 Neronis
795 1814 845 1856 per-

83 1866 189 1907 secutione
210 1870 230 1906 et
251 1871 297 1908 ante
319 1868 418 1908 excidium
440 1869 594 1923 Hierosolymam
615 1867 651 1923 [A.
668 1868 778 1925 dsssslll]
799 1884 845 1913 esse

84 1937 184 1988 scriptum,
202 1936 220 1976 S.
238 1936 361 1977 Clementem
378 1942 442 1977 entem
459 1938 496 1991 ipsi
514 1938 533 1979 S.
549 1939 607 1979 Petro
623 1940 754 1980 successisse.

144 2005 200 2051 Onne
216 2005 440 2060 eColelerioellisque
456 2008 583 2061 objiciuntur,
599 2009 671 2049 nnllins
683 2014 728 2051 sunl
742 2011 844 2065 ponderis.

85 2072 133 2113 lrrde
150 2075 213 2125 enim,
230 2075 284 2127 quod
301 2075 393 2116 Clemens
409 2089 425 2117 o.
443 2075 477 2118 dt.
493 2077 580 2130 referet,
598 2079 680 2131 pinnam
697 2079 845 2123 Corinthiorum

87 2142 233 2184 dissensionem
249 2141 271 2185 ἐν
286 2138 341 2202 ἀργῇ
355 2145 394 2186 τοῦ
407 2143 528 2202 εὐαγγελίου
545 2151 650 2190 excitatem
671 2161 729 2202 esso,
752 2153 845 2194 concludi

86 2224 127 2253 non
143 2218 220 2266 potest,
243 2215 322 2269 longius
338 2218 434 2270 temporis
450 2220 534 2272 spatium
550 2220 574 2259 alr
591 2220 622 2260 ille
639 2221 701 2273 prima
718 2222 845 2264 dissensione

87 2294 133 2322 esse
144 2284 311 2337 praeterlapsmn.
342 2286 432 2341 Namque
448 2289 467 2330 S.
484 2302 564 2343 qnoque
578 2291 661 2341 Paulus,
678 2304 750 2332 novem
766 2294 846 2335 circiter

86 2355 143 2394 ermis
154 2359 199 2407 post
211 2354 310 2395 tundalum
322 2358 427 2398 ecelesiam
439 2359 591 2414 Philippensem,
607 2362 626 2401 in
638 2363 722 2414 epistola
733 2362 757 2403 od
769 2363 845 2417 Pmttp-

85 2436 159 2477 penses
170 2424 202 2476 lV,
215 2424 247 2465 15.
260 2425 285 2466 de
296 2423 349 2482 ἀρχῇ
359 2426 399 2468 rori
408 2423 529 2483 εὐαγγελίου
546 2432 640 2485 loquitur,
657 2433 736 2473 minime
752 2433 844 2486 innuens,

86 2495 192 2535 ecetesiam
208 2496 355 2549 Philippensem
372 2505 417 2540 onte
433 2498 505 2542 inultos
518 2503 560 2555 jem
579 2514 643 2543 annos
660 2514 707 2542 esse
723 2502 829 2543 fnndetnm.

142 2565 186 2605 Nee
202 2566 221 2605 id
238 2578 274 2606 nos
289 2572 362 2619 rnoret,
380 2570 433 2622 quod
445 2571 464 2612 S.
477 2570 568 2612 Clemens
580 2585 596 2612 o.
608 2570 641 2613 42.
654 2572 760 2614 ecclesiam
770 2573 845 2615 Corin-

85 2632 169 2675 thiorum
186 2632 275 2693 ἀρχαίαν
290 2637 426 2691 appellaverit.
456 2633 544 2696 'Appula
559 2642 612 2682 enim
632 2642 729 2696 ecelesia,
752 2648 774 2684 ut
792 2645 845 2685 hene

109 2785 128 2830 1)
141 2784 221 2833 Antiquit.
234 2787 261 2823 tlt.
275 2799 290 2822 c.
305 2788 331 2823 10.
