1789 2987
73 216 118 250 XXX
362 204 533 240 ructuantium.
649 235 652 238 .
698 203 826 251 [urtstotha

75 321 158 376 epistola
173 322 241 360 nostra
256 315 315 356 multa
331 312 419 367 proferri
435 312 540 366 videntur,
562 325 646 367 quorum
667 311 719 352 nulln
737 316 767 352 est
783 325 828 353 cum

74 390 163 438 consilio,
180 385 292 427 Corinthios
309 383 333 423 nb
350 381 479 423 concordiam
496 384 593 435 vocandi,
613 381 711 438 cognatio.
742 382 828 432 Priora,

73 459 141 510 iuquit,
158 457 227 496 decem
242 455 315 506 capita
331 453 434 508 quaedam
449 451 527 493 habent
541 453 631 506 oestipia
645 464 719 493 ritanus
733 451 828 505 fallacis,

72 527 109 567 sed
128 537 170 565 reon
189 526 221 565 ita
240 525 319 565 mnnita:
337 522 474 576 persequitur
491 527 566 563 auctor
585 528 703 564 constanter
719 522 829 563 consilium

71 608 136 636 sanun
166 595 196 635 At
211 595 278 648 capite
293 594 325 635 XI
339 599 359 635 et
372 591 416 633 XII
429 592 458 632 ad
471 592 534 643 pidem
553 596 573 631 et
592 592 757 643 hospitalitatem
773 605 829 633 com-

72 665 212 705 mendandam
229 665 321 715 accedit,
338 664 361 703 iu
377 674 418 714 quo
434 662 495 702 nulla
507 662 571 714 plane
587 668 678 713 apparet
694 663 831 704 cohaerentia

73 748 119 775 cum
131 734 314 787 praecedentibus.
347 732 454 782 Quocirca
463 744 540 783 param
552 730 617 782 abest,
633 733 684 784 quein
697 733 750 773 haee
760 733 831 786 capita

74 805 190 844 existimem
198 805 281 844 intrusa
290 815 340 844 esse.
355 802 420 841 Redit
427 802 456 841 ad
465 802 582 842 institutum
592 800 687 842 Clemens
696 803 764 853 capite
772 802 830 853 XIII,

74 880 93 915 et
108 876 130 915 in
146 888 171 915 eo
185 875 254 927 perpit
269 874 297 914 ad
312 886 329 914 c.
344 871 409 913 XXII.
440 872 487 913 Hoc
502 884 552 913 aero
569 872 637 923 capite
653 876 750 924 repente,
772 872 832 913 nulla

72 945 141 996 ipsum
156 944 238 984 ratione
254 943 362 992 incitante,
379 941 408 981 od
422 947 564 994 arpumentuu
580 942 640 995 lonpe
653 942 713 982 alind
721 941 831 995 phoperat,

73 1014 102 1053 ad
117 1015 291 1053 resurrectionem
311 1024 422 1063 corporum
444 1017 586 1073 mortuorum,
608 1012 633 1052 de
656 1025 698 1065 qua
720 1014 748 1054 ad
769 1019 833 1065 caput

73 1094 139 1133 usque
154 1080 245 1121 XXVIII
258 1082 351 1122 disserit.
384 1080 458 1131 Capite
468 1080 561 1121 XXVIII
572 1081 663 1121 instituti
675 1083 710 1121 sui
720 1083 833 1122 recordari

74 1152 158 1191 uidetur
173 1152 261 1199 iterum5
277 1157 339 1203 atque
354 1151 418 1202 ltrrjris
435 1150 512 1202 capitis
528 1150 610 1190 initium
626 1149 676 1191 bene
693 1151 786 1191 concinit
795 1152 833 1204 dni

74 1221 152 1270 capitis
167 1219 227 1270 XXI,
244 1220 369 1272 difficillime
383 1232 434 1260 nero
451 1232 497 1259 cum
513 1219 572 1258 emita
590 1220 667 1271 capitis
683 1219 763 1260 XXVII
771 1222 834 1273 punpi

72 1295 146 1343 potest.
172 1290 305 1341 Quapropter
321 1301 375 1341 qaae
391 1290 416 1329 de
432 1289 560 1329 cadauerum
575 1290 598 1329 in
613 1289 679 1329 eitam
689 1290 759 1330 reditu
768 1303 833 1342 prae-

76 1360 184 1409 cipiantur
199 1372 238 1398 sem
254 1358 367 1410 capitibus,
384 1359 479 1419 subjecta
495 1360 592 1400 videntur
608 1373 654 1400 esse
672 1360 771 1401 Clementi
787 1393 792 1402 .
808 1394 813 1402 .
829 1393 834 1402 .

76 1428 147 1480 Neque
162 1429 237 1469 inelins
253 1429 350 1469 emistimo
362 1429 386 1468 de
398 1418 503 1480 capitibus
513 1423 637 1470 XL—XLV
646 1435 665 1469 et
675 1430 701 1469 de
712 1431 780 1481 capite
790 1430 834 1482 LV,

76 1498 152 1549 quibus
167 1510 193 1537 ea
208 1498 277 1551 lepus,
298 1510 352 1550 qnae
368 1499 423 1538 rendli
436 1504 553 1550 potuerunt
567 1500 590 1539 in
604 1504 690 1541 mentem
704 1501 777 1542 oertire
791 1501 834 1543 nisi

75 1567 163 1616 homini,
180 1567 219 1616 rei,
236 1580 299 1619 qinom
314 1569 364 1618 opit,
378 1581 469 1619 prorsus
485 1569 604 1610 inuraemori.

67 1680 68 1683 Ἴ
135 1635 193 1682 Quod
214 1635 310 1676 Bernnrdi
331 1640 351 1676 et
371 1636 442 1677 Clerici
463 1639 531 1680 attinet
552 1641 758 1692 argumentationem,
781 1641 834 1682 hene

78 1704 187 1744 lVottonns
199 1702 216 1758 ¹]
232 1706 258 1745 ita
275 1705 365 1746 disserit:
380 1706 440 1747 Irriti
456 1713 523 1749 tamen
533 1698 656 1761 srenthujus
668 1715 761 1750 conatus.
794 1709 835 1758 Qui

75 1774 129 1813 enim
149 1774 190 1814 hoc
210 1774 272 1815 ruendo
294 1788 321 1814 eo:
338 1775 440 1816 Clemente
457 1776 606 1819 Alexandrino
628 1780 710 1831 arpuit,
733 1784 771 1820 arnt
789 1793 835 1820 eum

73 1855 116 1882 nfon
134 1843 202 1893 probe
223 1845 292 1894 novit,
316 1850 353 1884 ant
373 1846 430 1885 rnala
447 1847 488 1897 dole
508 1848 556 1899 opit.
587 1848 666 1888 Eadem
682 1850 735 1889 enim
750 1850 834 1890 ratione

73 1916 142 1951 actium
158 1914 199 1952 erit
214 1914 239 1952 de
255 1914 366 1953 authentia
381 1920 401 1954 et
409 1914 449 1967 pide
461 1928 532 1957 eorum
543 1919 639 1968 omnium,
657 1919 694 1970 piri
705 1932 719 1958 a
731 1919 834 1961 Cleunente

75 1980 224 2021 Alexandrino
235 1995 324 2034 usquam
334 1984 433 2033 citantur,
444 1986 575 2036 scriptorum.
607 1987 671 2043 Nemo
685 1990 738 2028 enim
748 1989 834 2031 Putrum

75 2051 157 2100 majore
173 2051 260 2091 licentia
275 2065 327 2092 risus
343 2058 374 2093 est
388 2040 411 2093 in
427 2055 519 2096 citandis
538 2057 674 2109 authoribus,
695 2060 740 2100 sine
755 2061 848 2115 sacris,

76 2119 121 2160 sive
132 2121 221 2161 ethnicis
226 2136 234 2170 ,·
251 2135 295 2162 cum
312 2124 331 2162 ei
347 2124 369 2163 in
380 2137 436 2165 neore
446 2126 481 2176 sit,
498 2139 541 2167 uon
551 2128 635 2179 intepra
646 2129 755 2170 authorum
770 2131 835 2173 uerba

76 2201 158 2240 semper
172 2191 271 2242 recitare,
287 2194 325 2233 sed
338 2206 380 2245 pro
396 2194 487 2236 arbitrio
504 2210 543 2238 suo
559 2210 614 2238 urnac
630 2200 760 2251 contrahere,
779 2215 835 2243 nrinc
881 2213 883 2217 ’

77 2259 103 2298 de
118 2272 158 2300 sno
175 2261 274 2312 inserere,
291 2263 336 2303 alia
351 2266 451 2317 annitere,
470 2267 515 2307 alia
529 2269 598 2309 uariis
612 2270 681 2310 modis
695 2276 782 2311 utiliore.

136 2329 247 2371 hiosheruio
265 2331 350 2385 denique
366 2335 393 2374 ita
408 2336 574 2389 respondeamus.

106 2397 133 2455 a)
150 2399 210 2454 Capp.
222 2401 250 2441 XI
261 2406 280 2442 et
290 2402 325 2442 XII
341 2405 438 2456 epistolae
454 2412 536 2447 nostrae
547 2419 591 2448 ctum
606 2409 771 2450 antecedentibus
782 2411 834 2453 hene

149 2471 266 2523 colinerent,
283 2473 355 2526 quippe
372 2486 423 2525 qune
435 2478 517 2517 eandem
529 2490 573 2518 cum
585 2475 615 2519 his
627 2480 727 2519 mannam
743 2485 833 2534 tractent,

150 2541 247 2582 inuidiae
255 2541 402 2584 Corinthiorum
410 2547 501 2599 exemplu
507 2549 668 2599 hospitalitatis,
676 2551 753 2602 pietatis
762 2556 782 2592 et
789 2551 835 2593 fidei

149 2615 258 2665 opponunt,
275 2611 374 2665 simulque
389 2626 465 2668 poenas
477 2617 616 2659 dissensionis
627 2615 657 2673 [c.
668 2617 708 2674 XI)
721 2621 833 2664 ostendunt.

102 2757 121 2811 1]
132 2757 152 2799 In
163 2758 212 2800 Notis
224 2760 246 2795 ad
258 2760 328 2801 IClem.
342 2773 356 2801 c,
370 2763 386 2799 9,
