1765 2987
146 179 229 217 innam
241 179 348 216 EPISTOLA
361 180 390 215 ΑΙ)
405 181 536 218 MAGNESIOS.
550 183 570 217 V.
583 181 611 217 m.
624 181 659 217 vn.
740 182 782 227 177

23 289 46 331 V.
79 288 165 331 Talibus
179 289 293 342 proposito
307 294 338 331 esi
351 303 415 341 inore,
432 291 482 344 quia
493 292 635 332 characterem
647 291 782 333 Cimieiiuno-

52 373 104 412 imm,
120 355 158 417 τήν
173 352 262 416 ἀγάπην,
279 373 322 401 non
337 360 429 412 linirent,
443 367 463 402 ei
480 362 632 414 cupiditatibus
647 363 693 404 suis
709 375 752 404 nou

340 432 464 472 moriuntur.

52 516 54 519 ’
82 501 131 549 Quia
149 505 214 542 autem
230 513 264 542 res
280 500 339 542 iinem
355 502 434 554 habent,
454 501 582 544 ¹ineumbuni
593 503 632 544 dno
643 504 708 555 simul,
726 515 780 545 mors

23 575 43 611 ei
58 572 105 623 viia,
122 575 141 612 ei
156 569 349 625 unnsqviisque²in
364 573 466 626 proprium
482 572 548 614 locum
560 573 623 613 iturus
635 577 671 614 esi.
703 575 781 622 Quem-

23 640 128 683 admodum
140 642 192 683 enim
203 647 250 683 suni
261 643 377 683 numismata
387 643 433 695 duo,
445 641 544 684 ³aiierum
554 642 633 696 quidem
641 643 685 694 Dei,
697 644 781 684 aiterum

18 717 87 754 ¹aulem
111 713 190 765 nmndi,
214 718 235 754 ei
256 713 412 766 unumquodque
435 714 538 766 proprium
563 712 700 753 characterem
723 713 783 753 habet
816 720 819 723 ·

22 783 148 837 impositum
164 785 190 824 ita
207 784 297 825 infideles
314 783 451 825 characterem
467 782 534 824 mundi
550 782 615 836 hujus,
631 783 701 824 fideles
717 789 782 824 autern

22 852 42 892 in
58 852 153 894 charitate
170 853 306 894 characterem
322 853 360 908 Dei
374 853 437 893 Patris
453 865 490 907 per
504 853 573 893 Jesnn
587 853 685 894 Christum
701 854 782 906 habent,

21 934 58 975 per
74 935 133 975 quem
148 924 187 964 nisi
205 936 307 978 propensa
329 924 386 965 nobis
409 928 440 964 est
460 923 552 964 voluntas
572 923 624 965 mori
641 924 698 978 juxta
719 925 782 977 ipsius

21 994 148 1049 passionem,
164 1008 203 1037 nee
218 996 258 1037 vita
273 996 335 1049 ipsius
351 996 371 1037 in
387 994 446 1037 nobis
462 999 498 1036 esi.

249 1124 281 1168 VI.
315 1125 389 1165 Tenere
405 1123 547 1164 concordium.

82 1205 150 1253 Ouum·
162 1206 229 1258 itaque
245 1206 265 1245 in
280 1206 374 1258 personis
391 1217 451 1258 supra
468 1204 525 1244 dietis
542 1216 620 1244 omnem
637 1203 780 1244 multitudinem

22 1271 116 1315 ‘'in‘iide
133 1280 153 1316 ei
168 1273 283 1315 5charitate
302 1276 467 1328 conspexissem,
488 1274 570 1324 homor,
591 1278 613 1314 ut
633 1275 653 1314 in
672 1274 781 1314 eoncordia

23 1345 88 1386 omnia
109 1357 209 1398 peragere
229 1344 338 1395 studeatis,
361 1345 457 1398 episeopo
478 1343 606 1397 praesidente
626 1343 672 1385 loeo
691 1343 739 1395 Dei,
762 1348 782 1383 ei

21 1414 145 1468 presbyteris
161 1415 207 1455 loeo
224 1419 305 1455 senatus
322 1415 433 1466 apostotici,
449 1417 469 1454 et
481 1414 577 1463 diaconis,
592 1413 639 1453 vnitvi
651 1414 781 1465 suavissimis,

23 1484 293 1526 concreditumhabentibus
307 1484 436 1526 ministerium
448 1483 497 1544 Jesn
509 1483 588 1533 Chrisii,
605 1483 638 1535 qui
653 1487 699 1523 ante
713 1483 782 1523 secvta

23 1554 74 1606 apud
91 1559 167 1607 patrem
184 1559 238 1605 erat,
257 1559 281 1594 ei'
292 1555 311 1595 in
327 1554 367 1595 fine
383 1555 479 1608 apparuit.
511 1553 585 1594 Omnes
602 1554 673 1607 igitur,
693 1554 781 1607 acceptis

22 1623 92 1664 iisdem
102 1624 173 1664 divinis
183 1625 277 1675 moribus,
286 1622 337 1665 6νοε
346 1627 413 1665 nmine
422 1622 562 1672 revereamini,
572 1627 591 1663 et
600 1635 659 1663 nemo
670 1624 780 1663 secundnm

23 1705 103 1734 carnem
126 1689 361 1747 speciei⁷pvoxtnu1n‚
382 1692 418 1733 sed
440 1693 458 1733 in
475 1692 524 1733 iesu
541 1692 619 1733 Christo
642 1704 678 1732 ves
695 1693 780 1733 invieem

22 1775 103 1816 semper
120 1763 211 1817 diligatis,
242 1764 294 1804 Nihil
310 1765 336 1804 sit
352 1764 372 1803 in
388 1763 458 1812 vobis,
475 1762 528 1814 quod
546 1763 608 1814 possii
624 1774 661 1802 vos
678 1762 780 1813 dirimere,

22 1833 58 1874 sed
75 1834 169 1873 unianimi
185 1833 281 1887 episeopo
298 1837 317 1873 et
331 1832 498 1885 praesidentibus,
514 1832 535 1872 in
550 1828 638 1886 8typum
655 1835 674 1872 et
693 1832 779 1873 demon-

21 1891 138 1944 stiationem
154 1903 312 1945 inmortalitatis.
592 1909 594 1911 ’

21 2099 60 2141 vn.
91 2100 151 2153 Apite
174 2102 229 2142 iiiiii
250 2102 296 2142 sine
320 2102 420 2153 episeopo
442 2107 462 2142 et
481 2100 625 2154 presbyterie;
648 2100 696 2142 sitis
717 2114 782 2141 unum

322 2171 419 2222 temptum
433 2171 481 2211 Dei.

80 2250 251 2299 Quemadmodum
267 2251 329 2304 igilur
339 2252 436 2294 Dominus
452 2252 496 2293 sine
507 2252 573 2303 Patre,
590 2252 628 2305 ipsi
642 2251 716 2302 uniius,
734 2251 782 2291 nihii

45 2341 64 2378 6]
78 2341 162 2385 Burman,
181 2341 209 2375 die
227 2342 263 2376 drei
280 2343 341 2376 ichten
357 2348 390 2377 ete.
409 2343 447 2377 Deo
465 2345 517 2385 uniti,
536 2342 621 2388 simulque
640 2343 678 2385 aiii,
699 2344 781 2377 unitatem

20 2398 78 2432 Brieie
92 2398 122 2431 des
134 2397 170 2444 ign.
184 2410 200 2435 v.
214 2400 234 2434 A.
247 2411 264 2445 p.
275 2401 307 2435 132
321 2401 391 2444 conjicit
409 2408 483 2435 vesnmn
502 2412 539 2434 euin
553 2402 634 2446 episcopo
648 2402 779 2445 conspicientes,

20 2451 88 2498 “idid-²¹9·
410 2460 430 2492 nd
448 2461 575 2504 persuasionem
593 2460 615 2493 de
631 2460 667 2492 vita
683 2458 710 2491 iiia
723 2458 780 2489 addu-

44 2515 63 2559 7]
77 2513 102 2546 iia
125 2514 165 2547 dedi
186 2527 207 2549 ex
226 2515 352 2560 Interpoiatere
374 2522 474 2554 emuntur.
502 2519 670 2552 Wimtieeinnmmue
684 2514 780 2558 (vindiciae

21 2571 141 2607 emendatione
168 2572 239 2618 Toupii,
272 2563 489 2617 consentienieiPetrinne
509 2586 526 2619 p,
546 2575 576 2617 69)
598 2585 635 2607 eum
654 2572 715 2606 Vossio
738 2572 781 2617 tegit

19 2631 120 2665 Pearsonio.
135 2632 232 2665 Jeeoosov.
256 2631 287 2665 [ils.
299 2633 328 2675 τῷ.
341 2618 462 2666 nvaie.⁴rdnov
475 2639 492 2665 ei
504 2632 572 2676 supplet
585 2632 637 2674 inpia,
657 2636 716 2664 conire
729 2631 780 2664 iidem

43 2689 63 2733 8)
76 2687 88 2721 Ι.
105 2699 121 2721 e.
137 2689 192 2721 unitas
211 2699 249 2722 eum
267 2692 349 2733 episeopo
366 2692 473 2741 esileodieis
486 2690 559 2723 Medieei
574 2695 592 2722 ei
604 2690 684 2734 autiquae
696 2689 780 2723 versionis

19 2752 70 2791 typus
82 2747 128 2779 vine
140 2745 191 2788 illius,
205 2757 256 2790 quum
268 2748 322 2782 saneti
332 2749 392 2783 viv-nni
400 2745 402 2785 i
410 2748 479 2783 latinae.

54 2818 97 2843 Panes
107 2821 149 2849 apost.
160 2815 185 2842 Ed.
196 2817 219 2842 lv.
400 2818 401 2821 ’
611 2805 640 2849 12
