1765 2987
169 183 262 220 HERbIAE
274 184 365 220 PASTOR.
389 185 454 221 LIBER
466 187 487 221 II.
511 187 609 223 tranunt.
624 188 644 222 V.
744 188 787 231 353

31 290 65 335 καὶ
79 284 216 345 adnumerata
226 291 324 349 πονηρῶν
335 287 400 350 abab
418 307 500 348 operum
511 296 680 349 nequissimorum
692 295 788 338 domina-

31 355 210 419 κατακυριεύσας,
218 360 258 404 ’καὶ
268 360 346 420 ἐργάσῃ
357 362 400 404 raai-
417 365 478 417 beris,
495 370 515 406 et
531 367 648 420 operaberis
660 379 739 409 omnent
748 367 786 421 Ju-

31 448 69 477 σαυ
99 424 259 487 δικαιοσιλυῃυ.ι
285 426 330 474 baa
360 428 400 490 peip
418 434 495 475 stitiam.
527 436 603 484 Quodsi
622 437 699 490 patiens
715 435 785 487 fueris,

31 496 172 559 μακρόθυμος
196 498 244 558 ἔσῃ,
270 496 296 543 ad
317 501 401 555 πνεῦμα
418 502 503 557 Spiritus
519 509 606 557 sanutus,
626 507 659 559 qui
674 506 749 547 habitat
765 506 785 546 in

31 569 58 615 ad
73 571 138 626 ἅγιον,
153 574 266 613 καιοικοϋυ
279 569 299 613 ab
310 569 349 623 aot,
365 588 400 614 κα-
418 578 444 624 te,
460 575 545 618 mundus
562 576 605 627 erit,
622 580 642 616 et
656 588 697 617 nun
709 576 786 617 obseu-

31 639 101 698 θαρου
122 637 192 690 ἔσται,
211 638 241 697 μή
261 635 401 694 σκοπούμενον
417 643 493 683 rabitur
501 645 525 684 ab
534 645 600 697 aliqua
609 645 732 697 nequissimo
742 645 786 696 spi-

31 706 76 756 υπὸ
99 710 195 768 πουῃροῦ
218 704 348 765 πνεύματος,
371 708 400 768 μή
417 711 467 762 ritu;
483 712 520 753 sed
531 714 621 767 gaudens
633 713 752 764 dilatabitur,
768 717 787 753 et

30 775 144 837 μιούμευου
163 775 188 837 [i.
204 774 336 837 μειούμενον]
356 776 401 823 ὑπο
419 782 531 834 epulabitur
541 783 561 822 in
572 793 628 834 vase,
644 782 665 822 in
676 794 716 835 qua
727 781 787 822 inba-

30 851 66 908 τῆς
83 847 202 903 ὀξοχολίας.
214 880 219 890 .
230 881 251 891 ..
418 851 472 903 uitat,
490 856 509 892 et
521 852 624 905 apparebit
636 851 722 893 Domino
734 850 787 892 bila-

417 920 446 962 ris
454 922 474 963 in
483 933 533 974 paee
542 934 614 978 magna
625 920 635 963 ¹.
659 921 735 971 Quodsi
744 922 787 963 ira-

418 991 489 1031 cundia
500 992 565 1045 aliqua
574 993 722 1045 supervenerit,
734 1004 786 1033 eun-

417 1061 472 1103 tinua
484 1060 568 1115 Spiritus
583 1066 671 1115 sanetus,
688 1062 721 1116 qui
735 1062 787 1102 inte

417 1135 454 1183 est,
463 1133 613 1186 angustiabitur,
626 1137 645 1173 et
652 1138 736 1186 (praerat
743 1131 787 1173 dis-

418 1200 497 1241 eedere.
519 1200 632 1244 Suffaaatur
648 1203 700 1244 enim
716 1215 727 1243 a
741 1203 787 1255 spi-

416 1271 456 1311 ritu
476 1272 611 1325 nequissima,
631 1277 651 1315 et
670 1286 710 1315 trun
727 1273 787 1314 habet

418 1341 484 1381 locum
495 1343 610 1394 apparendi,
622 1344 673 1384 sieut
683 1343 736 1393 vuit;
748 1343 786 1383 tri-

61 1405 183 1469 Ἀμφόπερα
198 1400 235 1451 οὖν
250 1404 278 1451 σα
289 1402 401 1463 πυειλμαυα
418 1410 497 1452 buiatur
507 1413 559 1452 enim
571 1413 594 1453 ab
605 1412 714 1454 iracundia.
730 1412 787 1452 Utri-

31 1475 157 1539 ιῖσυμφορόυ
172 1478 230 1522 ἐστιν
246 1477 267 1521 ἐν
278 1476 351 1532 ταύτῃ]
362 1494 399 1521 κα-
419 1492 458 1532 que
474 1493 525 1535 erga
541 1482 621 1535 spiritus
637 1495 697 1536 quum
712 1482 788 1534 pariter

30 1552 114 1594 ποικεῖυ.
134 1544 181 1592 'uda
195 1548 235 1609 γαρ
251 1547 320 1602 λαβών
334 1546 400 1606 α’ψιυ-
417 1549 531 1603 intantum,
548 1553 684 1605 perniciosum
700 1558 731 1593 est
747 1551 787 1591 hu-

30 1620 85 1664 θίὀυ
99 1618 181 1678 μικρόυ,
200 1618 230 1668 εἰς
246 1612 347 1679 κεράμιον
361 1618 399 1672 μὲ-
417 1620 470 1660 mini.
494 1622 514 1664 Si
530 1622 574 1675 quis
586 1623 637 1663 enim
649 1628 737 1664 assumat
748 1622 786 1663 ab-

29 1691 87 1741 λπος
109 1689 206 1747 ἐπιχέῃς,
230 1687 278 1742 οὐχὶ
302 1685 352 1732 ὅλου
372 1684 399 1731 το
417 1690 483 1730 sintbii
506 1692 609 1744 pusillum,
636 1698 655 1733 et
681 1693 744 1733 mittat
765 1693 786 1732 in

29 1759 77 1815 μέλι
91 1756 233 1821 οἷφαυίζειαι,·
248 1757 282 1800 καὶ
295 1758 399 1801 apuniana
417 1761 532 1813 amphoram
548 1763 622 1813 metlis;
638 1767 706 1804 nonne
722 1766 784 1803 tatum

29 1830 77 1887 μέλι
92 1826 137 1875 υπό
151 1834 191 1874 ueri
206 1826 319 1884 ἐλαχίστου
330 1822 398 1888 tituta-
417 1830 456 1870 mel
467 1833 649 1874 exterminabitur?
670 1833 695 1873 Et
709 1837 785 1874 tantum

29 1900 84 1945 diua
100 1896 221 1945 α’πόλλυυαι
231 1932 236 1941 .
248 1930 252 1941 .
263 1931 269 1949 2
418 1900 584 1944 mellisanmdiaa
592 1903 690 1945 absinthio
696 1903 785 1956 disperit,

418 1975 438 2012 et
452 1972 518 2025 perdit
534 1972 658 2014 dulcedinem
675 1972 749 2022 mellis;
766 1976 787 2012 et

414 2042 455 2095 jam
467 2053 507 2082 nun
518 2042 578 2083 babet
588 2042 671 2098 gratiam
682 2041 735 2095 apud
747 2040 787 2082 du-

417 2112 489 2153 minum
498 2124 562 2165 suum,
575 2113 669 2166 quoniam
677 2116 740 2154 tatum
748 2111 788 2152 mel

417 2194 505 2223 amarum
516 2182 590 2224 fautum
602 2187 633 2225 est
644 2188 663 2224 et
671 2195 729 2224 usmn
737 2194 787 2236 per-

59 2246 104 2295 'Eub
117 2250 141 2294 δὲ
151 2249 183 2300 εἰς
193 2247 220 2294 τό
230 2249 280 2305 μέλι
291 2249 316 2293 οὐ
325 2250 399 2308 βληθῇ
418 2251 471 2292 didit.
492 2252 532 2294 Sed
548 2253 565 2294 si
581 2254 601 2294 in
617 2253 656 2294 mei
666 2265 708 2295 nun
718 2253 786 2293 mitta-

30 2319 56 2363 ιο
71 2318 187 2380 apludam,
201 2317 263 2378 ῃλυκύ
279 2314 400 2380 adalunaram
417 2326 450 2363 tur
461 2323 587 2376 absinthium,
604 2323 662 2364 dulce
676 2322 719 2374 erit,
736 2326 756 2362 et
766 2322 786 2361 in

11 2389 56 2433 'ad
70 2389 126 2445 μέλι,
141 2390 176 2434 καὶ
188 2385 303 2451 εὔχρηστον
314 2390 400 2448 trabeata
418 2405 457 2434 usu
478 2393 558 2435 dominu
579 2406 622 2435 sua.
654 2392 703 2433 Vide
726 2391 786 2442 enim,

30 2460 112 2516 pabeam
136 2463 167 2519 τῷ
192 2456 293 2520 δεσπότῃ.
327 2460 400 2504 Βλέπε
419 2461 494 2516 ²quam
511 2464 535 2505 sit
551 2462 693 2516 aequanimitas
709 2460 787 2502 dulcior

31 2523 74 2584 oda,
86 2528 138 2577 ²b'rt
148 2528 162 2591 ἡ
172 2531 316 2591 μακροθυμία
325 2532 399 2589 ῃλυκυ-
418 2533 484 2585 melle,
500 2538 520 2574 et
535 2533 588 2574 utitis
600 2533 638 2574 erit
648 2531 736 2584 domino,
752 2531 787 2584 qui

55 2637 73 2679 1)
91 2638 117 2672 Ex
136 2638 162 2672 his
180 2637 298 2683 consequitur,
319 2637 399 2681 Spiritum
418 2640 471 2691 Cleua.
483 2638 545 2681 Alae,
564 2645 647 2680 oppresso
660 2634 734 2669 Hermae
752 2645 786 2668 no-

31 2696 255 2730 sanctuminnobisbona
269 2696 341 2740 operari.
416 2695 473 2737 mine,
494 2695 511 2728 in
533 2705 547 2729 ο,
560 2695 582 2728 45
603 2693 663 2739 Eelag.
685 2705 706 2729 ex
726 2693 787 2740 Saript.

54 2753 73 2797 2)
85 2753 133 2788 Hunc
148 2754 205 2788 lucum
222 2753 280 2789 laudat
297 2760 314 2788 et
326 2753 399 2788 illustrat
417 2753 486 2797 Proph.‚
499 2766 515 2799 p.
531 2752 576 2787 1000
589 2752 616 2787 ed.
630 2753 691 2788 Venet.

66 2823 110 2850 ratres
120 2829 162 2858 apost.
175 2823 197 2851 ed.
208 2825 230 2853 IV.
618 2812 645 2857 23
