1789 2987
59 176 72 213 6
289 158 410 196 ΒΑΒΝΑΒΑΕ
422 157 535 193 EPlSTOLA.
556 157 583 191 tv.

58 279 103 319 Non
120 276 187 316 deuius
203 272 279 311 anirnae
295 272 377 309 nostrae
392 254 483 320 spatium,
500 271 521 307 ut
534 266 598 319 possit
610 264 815 316 lrabe1·epotestatenr
829 305 836 308 ,

59 343 183 387 discurrendi
194 354 238 382 cunr
249 338 375 392 nequissimis
388 341 408 376 et
418 336 566 389 peccatoribus,
579 347 605 376 ne
616 332 695 388 quaudo
707 333 815 374 similemus

58 417 102 456 illis.
131 411 285 452 ¹Consurnnrata
301 409 353 448 enirn
370 407 459 457 tentatio,
476 407 527 447 sieut
543 407 637 460 scripturn
654 408 691 455 est,
706 403 758 443 sicut
773 402 816 443 Da-

57 484 97 525 niel
113 482 172 533 dicti,
194 478 366 533 adpropinquavit.
397 476 482 528 Propter
497 476 536 516 lroe
553 476 604 516 enirn
620 474 715 516 Dominus
732 471 816 513 tinter-

58 554 105 593 cidit
120 557 210 604 tempora
227 553 246 589 et
262 549 312 599 dies,
327 553 350 589 ut
365 546 466 587 acceleret
482 545 566 586 dilectus
582 546 634 586 illius
649 544 673 586 ad
685 543 816 584 hereditatem

57 635 119 664 suam.
145 621 196 661 Dicit
212 620 241 661 sic
256 619 365 673 propheta:
382 615 472 669 ³ltepnu
487 616 510 654 in
527 617 589 656 terris
605 616 675 656 decern
688 613 817 667 repletum

59 699 78 734 et
92 697 188 744 reserpet
200 695 256 730 retro
266 689 365 741 pusillus,
382 688 418 740 qui
430 687 519 738 deponet
529 692 571 726 tres
583 686 605 725 ie
615 699 684 727 uttttm.
707 686 737 726 De
747 686 816 739 regnis

59 759 172 804 siinitttert.
203 761 234 801 De
250 760 289 801 hoe
305 760 349 813 ipso
366 757 429 798 ⁵dicit
445 758 516 797 iteruin
533 756 615 796 Daniel:
632 753 676 796 ⁶Et
691 757 736 797 eide'
752 770 817 810 quer-

60 838 100 873 tem
116 832 215 883 bestiam,
231 843 320 883 alequam
336 835 355 869 et
369 828 456 880 fortem,
474 833 493 867 et
509 828 626 868 saeviorem
642 829 730 868 coeteris
746 827 818 868 bestiis

59 903 156 953 trenrieis,
174 908 194 942 et
210 905 356 953 apparuerint
371 900 402 940 illi
418 899 488 938 decern
504 910 597 946 cornum
613 902 632 937 et
645 898 743 938 escendit
758 898 818 938 [iliud

61 986 127 1014 corneo
143 972 205 1012 areca
221 972 243 1010 ie
258 971 326 1010 medio
342 970 433 1019 illorum,
450 974 469 1008 et
485 968 561 1020 dejecit
576 980 656 1008 cornera
672 969 715 1008 trie
731 969 756 1008 de
771 981 817 1008 teu-

55 1043 143 1096 j0rtoes
160 1041 264 1081 cordibus.
297 1037 427 1093 ⁷lrrtelligere
444 1050 494 1091 ergo
511 1037 613 1077 detentus.
643 1037 715 1078 Adhuc
731 1042 750 1077 et
765 1050 817 1092 rogo

59 1123 96 1153 vos
112 1116 204 1163 tanquan
222 1122 273 1151 unus
289 1122 315 1149 en
330 1109 395 1160 uobis,
412 1119 481 1149 omnes
497 1118 565 1147 ainans
580 1119 641 1160 super·
652 1108 736 1148 unirnarn
747 1120 817 1160 meam,

59 1186 80 1222 ut
91 1180 196 1221 attendatis
208 1181 273 1231 vohis,
285 1183 304 1219 et
314 1191 355 1220 non
367 1178 457 1219 similetis
469 1178 504 1228 eir,
517 1178 549 1230 qui
560 1182 642 1230 peccata
653 1190 688 1218 sua
698 1184 817 1232 congerunt,

60 1255 79 1292 et
90 1250 166 1291 dicunt:
179 1251 224 1303 quia
236 1243 376 1290 testanrentunr
387 1249 465 1289 illorurn
478 1252 497 1288 et
507 1244 562 1289 8non
570 1237 661 1289 nostruin
672 1254 707 1290 est.
723 1250 818 1291 Nostrum

60 1326 137 1372 autern,
159 1322 205 1374 quia
221 1321 249 1360 illi
265 1321 284 1359 in
301 1324 418 1372 perpetuum
437 1318 566 1372 perdiderunt
585 1318 644 1370 illud,
667 1320 721 1371 <prod
737 1320 818 1373 lloyses

61 1391 144 1443 accepit.
175 1390 227 1429 Dicit
243 1390 294 1429 eninr
311 1390 423 1442 Scriptura:
446 1385 493 1428 ⁹Er
509 1387 552 1439 feeit
566 1388 648 1443 illapsas
664 1389 686 1429 in
702 1396 770 1431 ruente
781 1392 818 1442 je-

56 1463 139 1513 junetis
155 1460 190 1500 XL
208 1459 282 1499 (liedes
299 1465 319 1498 et
333 1459 368 1498 XL
385 1459 494 1506 coctidds;
515 1464 535 1498 et
551 1460 632 1510 decepit
648 1464 790 1501 testamentum
805 1474 819 1501 d

60 1530 156 1579 Domino,
174 1529 258 1569 tutulos
275 1529 379 1580 lapideris,
395 1529 486 1581 scriptas
500 1541 562 1569 inerte
571 1529 617 1569 Dei.
644 1529 683 1570 Sed
695 1531 790 1571 conversi
800 1531 820 1571 in

61 1599 114 1640 idola
130 1599 262 1652 perdiderunt
277 1598 329 1639 illud.
361 1599 413 1639 Dicit
429 1599 480 1639 enirn
496 1598 593 1638 Dominus
608 1599 685 1653 lloysi:
702 1597 720 1623 ¹⁰
730 1600 819 1654 dlopses,

61 1669 165 1709 descende
181 1669 283 1718 celerius,
305 1669 356 1720 quio
368 1668 480 1721 praeteriit
495 1669 558 1720 tepere
572 1670 665 1719 populns
682 1676 741 1722 luds,
762 1685 821 1723 parere

61 1739 153 1779 eduxisti
169 1739 194 1778 de
211 1744 268 1778 terre
278 1738 372 1792 Aepppti.
399 1738 423 1778 Et
438 1738 525 1791 projecit
540 1737 622 1790 tlioyses
639 1739 715 1780 tabutas
730 1741 820 1794 lapideas

60 1808 85 1848 de
96 1808 185 1848 inanibus
197 1809 245 1859 suis,
261 1812 281 1848 et
292 1807 416 1849 confractum
426 1813 457 1848 est
468 1812 607 1848 testanrentunr
619 1820 696 1860 eorurn,
707 1815 728 1850 ut
741 1811 820 1852 dileetio

85 1911 102 1953 1)
115 1910 127 1944 I.
137 1921 152 1943 e.
162 1913 284 1946 Antichristus
291 1912 330 1953 jem
339 1918 379 1944 erite
386 1922 431 1955 por·
450 1910 502 1954 logie.
527 1909 577 1942 Wien
591 1910 641 1942 test.
666 1910 684 1944 Τ,
697 1911 725 1945 VI.
738 1912 756 1946 P.
768 1913 788 1947 ll.
804 1925 820 1957 p.

60 1975 99 2011 esd,-
113 1971 162 2002 Deus
175 1970 222 2001 euim
232 1974 310 2011 tcurpora
319 1970 432 2009 attrectavit,
451 1967 491 1999 227.
513 1967 576 2000 Sensus
586 1973 619 2000 est:
630 1970 697 2003 enine·
705 1976 721 2004 et
729 1972 822 2005 Ediorritue

60 2033 81 2060 ut
93 2037 167 2070 rapinem
181 2026 249 2059 Christi
266 2026 319 2058 citius
336 2027 431 2059 adueniret.
451 2027 565 2066 conlaudauit,
590 2027 704 2061 Christianos
723 2040 747 2062 ee·
764 2040 820 2073 pen-

62 2081 95 2115 cfr,
109 2082 152 2114 Dan.
167 2083 183 2123 9,
197 2081 224 2114 21.
238 2082 266 2113 27.
451 2090 456 2116 t
463 2086 484 2117 id
492 2095 520 2118 us·
533 2085 623 2117 venientes
635 2091 702 2129 partein
715 2098 750 2119 rien
758 2089 821 2121 turbere

85 2140 103 2183 2]
117 2140 129 2172 Ι.
139 2151 153 2172 e.
166 2141 279 2174 abbr-euiucit.
298 2139 328 2173 tls.
337 2142 431 2174 interdicit.
449 2144 591 2186 promissionum
598 2145 820 2179 erc,veteriores-tumenti.

85 2197 104 2240 3)
118 2197 160 2230 Dan,
175 2198 191 2239 7,
204 2197 231 2229 24.
453 2218 470 2223 -
480 2197 599 2241 Conjecturarn
607 2200 650 2232 hauc
657 2201 735 2244 recipere
742 2201 820 2235 nolentes

84 2256 104 2299 l)
117 2254 129 2288 I.
143 2266 158 2287 e.
172 2266 209 2287 curn
228 2255 309 2298 depo-sitis
326 2255 395 2300 regibus
414 2256 505 2289 etiloeum
518 2263 594 2290 nostruin
607 2258 629 2290 ita
643 2258 728 2301 explicent
741 2265 819 2303 oportet:

60 2322 113 2356 regua
128 2322 187 2344 corun]
201 2318 305 2345 evertentur.
449 2317 516 2350 Jutteci
529 2321 544 2349 et
555 2317 648 2349 Deianirae
660 2318 715 2361 tepent
724 2319 821 2352 Jtntuicanr

84 2370 102 2409 5)
118 2369 146 2402 Sc.
159 2369 221 2412 pusillo
233 2382 258 2400 z
271 2369 380 2402 Antichristo.
449 2384 483 2406 nou
492 2374 552 2407 sulum
559 2374 645 2416 Jznleeos,
655 2375 687 2407 sed
695 2380 710 2408 et
718 2386 752 2408 rios
761 2373 820 2417 (Chri-

84 2428 102 2466 6)
117 2427 159 2459 Dan.
174 2428 191 2468 7,
205 2427 220 2459 7.
234 2427 250 2461 8.
449 2431 521 2472 stianos]
536 2433 614 2475 vilipen-e
627 2433 737 2466 enitteednnt.
757 2431 780 2464 Et
790 2443 820 2465 se-

84 2486 102 2528 7)
116 2486 128 2518 l.
139 2496 153 2517 e.
166 2487 262 2529 prudentes·
275 2487 340 2527 sinnas,
354 2497 375 2518 ue
385 2497 430 2530 per·
450 2489 525 2530 quentia:
533 2490 603 2522 Itecere
610 2495 667 2522 etitem
672 2491 735 2533 foedus·
741 2491 820 2524 diuinum

61 2555 122 2577 aerinis
135 2545 154 2576 iu
168 2544 267 2577 tentatione.
449 2552 531 2579 electrum
544 2547 603 2579 sulcem
616 2552 647 2587 est,
661 2545 696 2580 don
709 2548 820 2582 Jerrlucorurn

84 2599 103 2642 8]
121 2603 159 2634 Nou
177 2605 217 2632 ante
233 2606 316 2634 orostrunr
334 2601 508 2652 poneurlurnpsimul.

62 2666 100 2687 esse
117 2656 186 2698 conjicit
198 2656 227 2689 Dr.
246 2659 296 2692 lllelte
312 2659 329 2701 iu
346 2653 441 2711 Sedenim-l
485 2659 504 2699 9)
517 2659 571 2692 Exod.
585 2659 614 2702 31,
630 2660 655 2692 18.
670 2661 698 2703 34,
712 2661 740 2695 28.

62 2717 94 2745 etc.
107 2712 205 2747 Zeitschrilt
221 2715 248 2748 tur
265 2716 280 2748 d.
294 2715 358 2748 lratlrol.
373 2712 441 2762 Theo-l
474 2716 503 2760 10)
516 2717 569 2751 Enod.
583 2718 612 2761 32,
627 2719 642 2751 7.
667 2719 717 2752 Dent.
732 2721 748 2763 9,
763 2721 790 2753 12.
