<?xml version="1.0" encoding="UTF-8"?>
<!DOCTYPE html PUBLIC "-//W3C//DTD XHTML 1.0 Transitional//EN"
    "http://www.w3.org/TR/xhtml1/DTD/xhtml1-transitional.dtd">
<html xmlns="http://www.w3.org/1999/xhtml" xml:lang="en" lang="en">
 <head>
  <title>
</title>
<meta http-equiv="Content-Type" content="text/html;charset=utf-8" />
  <meta name='ocr-system' content='tesseract 3.04.00' />
  <meta name='ocr-capabilities' content='ocr_page ocr_carea ocr_par ocr_line ocrx_word'/>
</head>
<body>
  <div class='ocr_page' id='page_1' title='image "MN40298ucmf_0_0098.png"; bbox 0 0 1789 2987; ppageno 0'>
   <div class='ocr_carea' id='block_1_1' title="bbox 113 212 874 258">
    <p class='ocr_par' dir='ltr' id='par_1_1' title="bbox 113 212 874 258">
     <span class='ocr_line' id='line_1_1' title="bbox 113 212 874 258; baseline -0.009 -3"><span class='ocrx_word' id='word_1_1' title='bbox 113 219 179 255; x_wconf 83' lang='lat' dir='ltr'>LXXIV</span> <span class='ocrx_word' id='word_1_2' title='bbox 407 213 578 251; x_wconf 77' lang='lat' dir='ltr'>Paccedcrrenn.</span> <span class='ocrx_word' id='word_1_3' title='bbox 759 212 874 258; x_wconf 75' lang='lat' dir='ltr'><strong>[EPISTULA</strong></span> 
     </span>
    </p>
   </div>
   <div class='ocr_carea' id='block_1_2' title="bbox 106 306 874 1908">
    <p class='ocr_par' dir='ltr' id='par_1_2' title="bbox 112 306 874 591">
     <span class='ocr_line' id='line_1_2' title="bbox 171 306 873 380; baseline -0.003 -14"><span class='ocrx_word' id='word_1_4' title='bbox 171 323 195 380; x_wconf 78' lang='lat' dir='ltr'>a]</span> <span class='ocrx_word' id='word_1_5' title='bbox 217 322 269 379; x_wconf 83' lang='lat' dir='ltr'>apud</span> <span class='ocrx_word' id='word_1_6' title='bbox 285 321 400 364; x_wconf 84' lang='lat' dir='ltr'>Simeonem</span> <span class='ocrx_word' id='word_1_7' title='bbox 416 321 575 376; x_wconf 80' lang='lat' dir='ltr'>Metapimosien</span> <span class='ocrx_word' id='word_1_8' title='bbox 596 324 620 367; x_wconf 87' lang='lat' dir='ltr'>ad</span> <span class='ocrx_word' id='word_1_9' title='bbox 636 323 663 380; x_wconf 80' lang='lat'>20</span> <span class='ocrx_word' id='word_1_10' title='bbox 680 323 765 376; x_wconf 69' lang='lat' dir='ltr'>Derbe,</span> <span class='ocrx_word' id='word_1_11' title='bbox 787 335 827 365; x_wconf 88' lang='lat' dir='ltr'>non</span> <span class='ocrx_word' id='word_1_12' title='bbox 849 306 873 364; x_wconf 74' lang='lat' dir='ltr'>ab</span> 
     </span>
     <span class='ocr_line' id='line_1_3' title="bbox 113 393 874 451; baseline -0.009 -12"><span class='ocrx_word' id='word_1_13' title='bbox 113 410 138 440; x_wconf 89' lang='lat' dir='ltr'>eo</span> <span class='ocrx_word' id='word_1_14' title='bbox 154 397 198 451; x_wconf 89' lang='lat' dir='ltr'>ipso</span> <span class='ocrx_word' id='word_1_15' title='bbox 214 395 259 439; x_wconf 88' lang='lat' dir='ltr'>Sec.</span> <span class='ocrx_word' id='word_1_16' title='bbox 275 393 303 447; x_wconf 81' lang='grc' dir='ltr'>Χ,</span> <span class='ocrx_word' id='word_1_17' title='bbox 324 398 346 435; x_wconf 86' lang='lat' dir='ltr'>at</span> <span class='ocrx_word' id='word_1_18' title='bbox 362 393 442 447; x_wconf 80' lang='lat' dir='ltr'>quidam</span> <span class='ocrx_word' id='word_1_19' title='bbox 458 398 539 447; x_wconf 82' lang='lat' dir='ltr'>putant,</span> <span class='ocrx_word' id='word_1_20' title='bbox 560 395 596 436; x_wconf 91' lang='lat' dir='ltr'>sed</span> <span class='ocrx_word' id='word_1_21' title='bbox 611 396 674 436; x_wconf 85' lang='lat' dir='ltr'>tribus</span> <span class='ocrx_word' id='word_1_22' title='bbox 690 393 763 435; x_wconf 86' lang='lat' dir='ltr'>seculis</span> <span class='ocrx_word' id='word_1_23' title='bbox 779 398 836 444; x_wconf 87' lang='lat' dir='ltr'>ante,</span> <span class='ocrx_word' id='word_1_24' title='bbox 853 397 874 433; x_wconf 92' lang='lat' dir='ltr'>ut</span> 
     </span>
     <span class='ocr_line' id='line_1_4' title="bbox 112 459 874 520; baseline -0.007 -12"><span class='ocrx_word' id='word_1_25' title='bbox 112 467 196 518; x_wconf 78' lang='lat' dir='ltr'>viderur,</span> <span class='ocrx_word' id='word_1_26' title='bbox 213 465 306 507; x_wconf 85' lang='lat' dir='ltr'>confecta</span> <span class='ocrx_word' id='word_1_27' title='bbox 323 459 389 520; x_wconf 84' lang='lat' dir='ltr'>(apud</span> <span class='ocrx_word' id='word_1_28' title='bbox 408 463 497 507; x_wconf 80' lang='lat' dir='ltr'>Coteler.</span> <span class='ocrx_word' id='word_1_29' title='bbox 513 465 564 508; x_wconf 92' lang='lat' dir='ltr'>Patr.</span> <span class='ocrx_word' id='word_1_30' title='bbox 581 470 644 520; x_wconf 90' lang='lat' dir='ltr'>apost.</span> <span class='ocrx_word' id='word_1_31' title='bbox 661 464 710 520; x_wconf 91' lang='lat' dir='ltr'>Opp.</span> <span class='ocrx_word' id='word_1_32' title='bbox 722 463 753 505; x_wconf 88' lang='lat' dir='ltr'>ed.</span> <span class='ocrx_word' id='word_1_33' title='bbox 764 463 786 505; x_wconf 88' lang='grc' dir='ltr'>ΙΙ.</span> <span class='ocrx_word' id='word_1_34' title='bbox 802 462 874 505; x_wconf 82' lang='lat' dir='ltr'>Clerici</span> 
     </span>
     <span class='ocr_line' id='line_1_5' title="bbox 112 533 347 591; baseline -0.004 -14"><span class='ocrx_word' id='word_1_35' title='bbox 112 538 133 578; x_wconf 84' lang='lat' dir='ltr'>T.</span> <span class='ocrx_word' id='word_1_36' title='bbox 150 536 172 578; x_wconf 87' lang='grc' dir='ltr'>ΙΙ.</span> <span class='ocrx_word' id='word_1_37' title='bbox 189 550 206 590; x_wconf 92' lang='lat' dir='ltr'>p.</span> <span class='ocrx_word' id='word_1_38' title='bbox 226 534 266 578; x_wconf 80' lang='lat'>163</span> <span class='ocrx_word' id='word_1_39' title='bbox 282 533 347 591; x_wconf 62' lang='lat' dir='ltr'>sqq.)</span> 
     </span>
    </p>

    <p class='ocr_par' dir='ltr' id='par_1_3' title="bbox 107 602 873 1221">
     <span class='ocr_line' id='line_1_6' title="bbox 171 602 873 661; baseline -0.007 -13"><span class='ocrx_word' id='word_1_40' title='bbox 171 604 197 661; x_wconf 79' lang='lat' dir='ltr'>b]</span> <span class='ocrx_word' id='word_1_41' title='bbox 213 605 340 648; x_wconf 75' lang='lat' dir='ltr'><strong><em>Armeniaca</em></strong></span> <span class='ocrx_word' id='word_1_42' title='bbox 354 605 430 657; x_wconf 82' lang='lat' dir='ltr'>versio,</span> <span class='ocrx_word' id='word_1_43' title='bbox 447 605 471 647; x_wconf 91' lang='lat' dir='ltr'>ab</span> <span class='ocrx_word' id='word_1_44' title='bbox 488 604 593 649; x_wconf 47' lang='lat' dir='ltr'>A&#39;uciaerio</span> <span class='ocrx_word' id='word_1_45' title='bbox 609 606 661 647; x_wconf 84' lang='lat' dir='ltr'>edite</span> <span class='ocrx_word' id='word_1_46' title='bbox 678 604 748 661; x_wconf 74' lang='lat' dir='ltr'>[Vitae</span> <span class='ocrx_word' id='word_1_47' title='bbox 761 603 794 647; x_wconf 81' lang='lat' dir='ltr'>SS.</span> <span class='ocrx_word' id='word_1_48' title='bbox 812 603 833 644; x_wconf 82' lang='lat' dir='ltr'>T.</span> <span class='ocrx_word' id='word_1_49' title='bbox 850 602 873 644; x_wconf 88' lang='grc' dir='ltr'>Η,</span> 
     </span>
     <span class='ocr_line' id='line_1_7' title="bbox 110 674 872 733; baseline -0.009 -12"><span class='ocrx_word' id='word_1_50' title='bbox 110 690 130 732; x_wconf 92' lang='lat' dir='ltr'>p.</span> <span class='ocrx_word' id='word_1_51' title='bbox 143 677 171 721; x_wconf 71' lang='grc'>72</span> <span class='ocrx_word' id='word_1_52' title='bbox 182 675 240 733; x_wconf 73' lang='lat' dir='ltr'>sqq.)</span> <span class='ocrx_word' id='word_1_53' title='bbox 252 683 272 719; x_wconf 88' lang='lat' dir='ltr'>et</span> <span class='ocrx_word' id='word_1_54' title='bbox 282 691 293 719; x_wconf 93' lang='lat' dir='ltr'>a</span> <span class='ocrx_word' id='word_1_55' title='bbox 304 678 441 719; x_wconf 79' lang='lat' dir='ltr'>Peterrnonno</span> <span class='ocrx_word' id='word_1_56' title='bbox 453 677 537 730; x_wconf 86' lang='lat' dir='ltr'>repetita</span> <span class='ocrx_word' id='word_1_57' title='bbox 550 675 583 733; x_wconf 83' lang='lat' dir='ltr'>[S.</span> <span class='ocrx_word' id='word_1_58' title='bbox 592 677 662 732; x_wconf 81' lang='lat' dir='ltr'>ignatii</span> <span class='ocrx_word' id='word_1_59' title='bbox 672 690 691 731; x_wconf 86' lang='lat' dir='ltr'>p.</span> <span class='ocrx_word' id='word_1_60' title='bbox 697 689 716 733; x_wconf 74' lang='lat' dir='ltr'>a.</span> <span class='ocrx_word' id='word_1_61' title='bbox 729 674 825 730; x_wconf 84' lang='lat' dir='ltr'>epistolae</span> <span class='ocrx_word' id='word_1_62' title='bbox 835 677 872 714; x_wconf 86' lang='lat' dir='ltr'>etc.</span> 
     </span>
     <span class='ocr_line' id='line_1_8' title="bbox 111 744 872 802; baseline -0.005 -14"><span class='ocrx_word' id='word_1_63' title='bbox 111 748 165 802; x_wconf 90' lang='lat' dir='ltr'>Lips.</span> <span class='ocrx_word' id='word_1_64' title='bbox 183 746 245 790; x_wconf 69' lang='lat'>1819.</span> <span class='ocrx_word' id='word_1_65' title='bbox 261 760 280 801; x_wconf 90' lang='lat' dir='ltr'>p.</span> <span class='ocrx_word' id='word_1_66' title='bbox 297 746 340 790; x_wconf 78' lang='lat' dir='ltr'>dec</span> <span class='ocrx_word' id='word_1_67' title='bbox 356 745 419 802; x_wconf 69' lang='lat' dir='ltr'>sqq.)</span> <span class='ocrx_word' id='word_1_68' title='bbox 450 746 564 788; x_wconf 84' lang='lat' dir='ltr'>Aucherios</span> <span class='ocrx_word' id='word_1_69' title='bbox 583 747 693 789; x_wconf 84' lang='lat' dir='ltr'><strong>immodicis</strong></span> <span class='ocrx_word' id='word_1_70' title='bbox 716 758 759 787; x_wconf 90' lang='lat' dir='ltr'>eam</span> <span class='ocrx_word' id='word_1_71' title='bbox 780 744 872 786; x_wconf 81' lang='lat' dir='ltr'>laudibus</span> 
     </span>
     <span class='ocr_line' id='line_1_9' title="bbox 113 815 873 872; baseline -0.008 -11"><span class='ocrx_word' id='word_1_72' title='bbox 113 819 229 870; x_wconf 78' lang='lat' dir='ltr'>exornavit,</span> <span class='ocrx_word' id='word_1_73' title='bbox 252 818 390 872; x_wconf 85' lang='lat' dir='ltr'>contendens,</span> <span class='ocrx_word' id='word_1_74' title='bbox 411 819 431 859; x_wconf 92' lang='lat' dir='ltr'>in</span> <span class='ocrx_word' id='word_1_75' title='bbox 452 831 475 859; x_wconf 90' lang='lat' dir='ltr'>ea</span> <span class='ocrx_word' id='word_1_76' title='bbox 495 818 539 860; x_wconf 87' lang='lat' dir='ltr'>sola</span> <span class='ocrx_word' id='word_1_77' title='bbox 560 819 667 872; x_wconf 78' lang='lat' dir='ltr'>genuinam</span> <span class='ocrx_word' id='word_1_78' title='bbox 685 815 768 858; x_wconf 77' lang='lat' dir='ltr'>formam</span> <span class='ocrx_word' id='word_1_79' title='bbox 785 815 873 870; x_wconf 81' lang='lat' dir='ltr'>martyrii</span> 
     </span>
     <span class='ocr_line' id='line_1_10' title="bbox 112 886 872 943; baseline -0.007 -12"><span class='ocrx_word' id='word_1_80' title='bbox 112 889 132 931; x_wconf 88' lang='lat' dir='ltr'>S.</span> <span class='ocrx_word' id='word_1_81' title='bbox 156 888 226 943; x_wconf 78' lang='lat' dir='ltr'>Ignatii</span> <span class='ocrx_word' id='word_1_82' title='bbox 250 889 308 930; x_wconf 87' lang='lat' dir='ltr'>nobis</span> <span class='ocrx_word' id='word_1_83' title='bbox 332 901 378 930; x_wconf 86' lang='lat' dir='ltr'>esse</span> <span class='ocrx_word' id='word_1_84' title='bbox 402 893 507 931; x_wconf 80' lang='lat' dir='ltr'>servatam.</span> <span class='ocrx_word' id='word_1_85' title='bbox 538 889 649 940; x_wconf 61' lang='lat' dir='ltr'>„Noctem</span> <span class='ocrx_word' id='word_1_86' title='bbox 672 888 745 940; x_wconf 85' lang='lat' dir='ltr'>inquit,</span> <span class='ocrx_word' id='word_1_87' title='bbox 770 886 872 937; x_wconf 77' lang='lat' dir='ltr'>recensio,</span> 
     </span>
     <span class='ocr_line' id='line_1_11' title="bbox 107 957 872 1012; baseline -0.005 -13"><span class='ocrx_word' id='word_1_88' title='bbox 107 960 159 1012; x_wconf 82' lang='lat' dir='ltr'>jore</span> <span class='ocrx_word' id='word_1_89' title='bbox 175 959 289 1012; x_wconf 76' lang='lat' dir='ltr'>meritoque</span> <span class='ocrx_word' id='word_1_90' title='bbox 306 959 442 1012; x_wconf 78' lang='lat' dir='ltr'>copaoseiim·</span> <span class='ocrx_word' id='word_1_91' title='bbox 457 965 555 1012; x_wconf 77' lang='lat' dir='ltr'>tortprrom</span> <span class='ocrx_word' id='word_1_92' title='bbox 564 958 616 1010; x_wconf 83' lang='lat' dir='ltr'>fons</span> <span class='ocrx_word' id='word_1_93' title='bbox 627 963 647 998; x_wconf 86' lang='lat' dir='ltr'>et</span> <span class='ocrx_word' id='word_1_94' title='bbox 657 957 764 1009; x_wconf 76' lang='lat' dir='ltr'>eoernplm·</span> <span class='ocrx_word' id='word_1_95' title='bbox 776 957 872 1006; x_wconf 69' lang='lat' dir='ltr'>orantium,</span> 
     </span>
     <span class='ocr_line' id='line_1_12' title="bbox 112 1024 872 1081; baseline -0.003 -13"><span class='ocrx_word' id='word_1_96' title='bbox 112 1029 289 1081; x_wconf 71' lang='lat' dir='ltr'>coccineosque</span> <span class='ocrx_word' id='word_1_97' title='bbox 305 1029 327 1069; x_wconf 81' lang='lat' dir='ltr'>in</span> <span class='ocrx_word' id='word_1_98' title='bbox 343 1029 483 1081; x_wconf 63' lang='lat' dir='ltr'>contentionem</span> <span class='ocrx_word' id='word_1_99' title='bbox 497 1034 598 1069; x_wconf 78' lang='lat' dir='ltr'>cenerum</span> <span class='ocrx_word' id='word_1_100' title='bbox 609 1028 771 1069; x_wconf 61' lang='lat' dir='ltr'>recensionem</span> <span class='ocrx_word' id='word_1_101' title='bbox 787 1024 872 1081; x_wconf 81' lang='lat' dir='ltr'>(Peter-</span> 
     </span>
     <span class='ocr_line' id='line_1_13' title="bbox 111 1095 872 1152; baseline -0.001 -15"><span class='ocrx_word' id='word_1_102' title='bbox 111 1111 186 1148; x_wconf 85' lang='lat' dir='ltr'>monn,</span> <span class='ocrx_word' id='word_1_103' title='bbox 209 1099 220 1138; x_wconf 87' lang='lat'>1.</span> <span class='ocrx_word' id='word_1_104' title='bbox 237 1111 253 1138; x_wconf 93' lang='lat' dir='ltr'>c.</span> <span class='ocrx_word' id='word_1_105' title='bbox 269 1110 288 1151; x_wconf 93' lang='lat' dir='ltr'>p.</span> <span class='ocrx_word' id='word_1_106' title='bbox 305 1095 367 1152; x_wconf 69' lang='lat'>198).</span> <span class='ocrx_word' id='word_1_107' title='bbox 400 1099 439 1139; x_wconf 79' lang='lat' dir='ltr'>Cir.</span> <span class='ocrx_word' id='word_1_108' title='bbox 460 1111 511 1151; x_wconf 86' lang='lat' dir='ltr'>qaae</span> <span class='ocrx_word' id='word_1_109' title='bbox 532 1102 601 1139; x_wconf 86' lang='lat' dir='ltr'>contra</span> <span class='ocrx_word' id='word_1_110' title='bbox 621 1097 697 1138; x_wconf 89' lang='lat' dir='ltr'>monuit</span> <span class='ocrx_word' id='word_1_111' title='bbox 715 1096 833 1137; x_wconf 71' lang='lat' dir='ltr'>draitonam</span> <span class='ocrx_word' id='word_1_112' title='bbox 852 1097 872 1136; x_wconf 89' lang='lat' dir='ltr'>in</span> 
     </span>
     <span class='ocr_line' id='line_1_14' title="bbox 110 1165 741 1221; baseline -0.003 -12"><span class='ocrx_word' id='word_1_113' title='bbox 110 1167 211 1217; x_wconf 83' lang='lat' dir='ltr'>Niedner,</span> <span class='ocrx_word' id='word_1_114' title='bbox 228 1167 342 1208; x_wconf 85' lang='lat' dir='ltr'>Zeitsciniit</span> <span class='ocrx_word' id='word_1_115' title='bbox 357 1167 389 1208; x_wconf 84' lang='lat' dir='ltr'>fiir</span> <span class='ocrx_word' id='word_1_116' title='bbox 404 1168 473 1210; x_wconf 88' lang='lat' dir='ltr'>histor.</span> <span class='ocrx_word' id='word_1_117' title='bbox 491 1168 559 1210; x_wconf 85' lang='lat' dir='ltr'>Theoi.</span> <span class='ocrx_word' id='word_1_118' title='bbox 579 1165 640 1209; x_wconf 77' lang='lat'>1851.</span> <span class='ocrx_word' id='word_1_119' title='bbox 657 1180 675 1221; x_wconf 78' lang='lat' dir='ltr'>p.</span> <span class='ocrx_word' id='word_1_120' title='bbox 692 1165 741 1208; x_wconf 77' lang='lat'>251.</span> 
     </span>
    </p>

    <p class='ocr_par' dir='ltr' id='par_1_4' title="bbox 106 1224 871 1643">
     <span class='ocr_line' id='line_1_15' title="bbox 170 1224 871 1292; baseline -0.001 -14"><span class='ocrx_word' id='word_1_121' title='bbox 170 1236 194 1292; x_wconf 83' lang='lat' dir='ltr'>c)</span> <span class='ocrx_word' id='word_1_122' title='bbox 216 1238 309 1279; x_wconf 82' lang='lat' dir='ltr'>Proxime</span> <span class='ocrx_word' id='word_1_123' title='bbox 323 1225 355 1278; x_wconf 68' lang='lat' dir='ltr'>‘ad</span> <span class='ocrx_word' id='word_1_124' title='bbox 377 1251 420 1280; x_wconf 91' lang='lat' dir='ltr'>eam</span> <span class='ocrx_word' id='word_1_125' title='bbox 441 1238 518 1280; x_wconf 75' lang='lat' dir='ltr'>accedit</span> <span class='ocrx_word' id='word_1_126' title='bbox 539 1239 607 1280; x_wconf 88' lang='lat' dir='ltr'>versio</span> <span class='ocrx_word' id='word_1_127' title='bbox 629 1237 660 1278; x_wconf 86' lang='lat' dir='ltr'>iiia</span> <span class='ocrx_word' id='word_1_128' title='bbox 679 1238 756 1288; x_wconf 79' lang='lat' dir='ltr'>totino,</span> <span class='ocrx_word' id='word_1_129' title='bbox 774 1224 840 1290; x_wconf 75' lang='lat' dir='ltr'>„vira</span> <span class='ocrx_word' id='word_1_130' title='bbox 852 1235 871 1278; x_wconf 86' lang='lat' dir='ltr'>S.</span> 
     </span>
     <span class='ocr_line' id='line_1_16' title="bbox 106 1306 871 1363; baseline 0 -16"><span class='ocrx_word' id='word_1_131' title='bbox 106 1306 188 1363; x_wconf 78' lang='lat' dir='ltr'>ignatii,</span> <span class='ocrx_word' id='word_1_132' title='bbox 204 1321 231 1348; x_wconf 84' lang='lat' dir='ltr'>ex</span> <span class='ocrx_word' id='word_1_133' title='bbox 246 1307 386 1349; x_wconf 87' lang='lat' dir='ltr'>vetustissimis</span> <span class='ocrx_word' id='word_1_134' title='bbox 403 1308 449 1350; x_wconf 82' lang='lat' dir='ltr'>diss</span> <span class='ocrx_word' id='word_1_135' title='bbox 466 1309 544 1350; x_wconf 79' lang='lat' dir='ltr'>latinis“</span> <span class='ocrx_word' id='word_1_136' title='bbox 562 1309 614 1350; x_wconf 85' lang='lat' dir='ltr'>edita</span> <span class='ocrx_word' id='word_1_137' title='bbox 630 1321 641 1349; x_wconf 92' lang='lat' dir='ltr'>a</span> <span class='ocrx_word' id='word_1_138' title='bbox 656 1307 764 1350; x_wconf 80' lang='lat' dir='ltr'>Botiondc</span> <span class='ocrx_word' id='word_1_139' title='bbox 781 1311 801 1348; x_wconf 89' lang='lat' dir='ltr'>et</span> <span class='ocrx_word' id='word_1_140' title='bbox 813 1307 871 1348; x_wconf 85' lang='lat' dir='ltr'>Hen-</span> 
     </span>
     <span class='ocr_line' id='line_1_17' title="bbox 111 1377 871 1433; baseline 0 -15"><span class='ocrx_word' id='word_1_141' title='bbox 111 1378 196 1418; x_wconf 80' lang='lat' dir='ltr'>seirenio</span> <span class='ocrx_word' id='word_1_142' title='bbox 212 1379 231 1418; x_wconf 91' lang='lat' dir='ltr'>in</span> <span class='ocrx_word' id='word_1_143' title='bbox 242 1377 298 1419; x_wconf 85' lang='lat' dir='ltr'>Actis</span> <span class='ocrx_word' id='word_1_144' title='bbox 310 1378 375 1419; x_wconf 85' lang='lat' dir='ltr'>Sanct.</span> <span class='ocrx_word' id='word_1_145' title='bbox 391 1378 413 1418; x_wconf 84' lang='lat' dir='ltr'>T.</span> <span class='ocrx_word' id='word_1_146' title='bbox 429 1379 442 1419; x_wconf 85' lang='lat'>1.</span> <span class='ocrx_word' id='word_1_147' title='bbox 459 1379 517 1420; x_wconf 78' lang='lat' dir='ltr'>Febr.</span> <span class='ocrx_word' id='word_1_148' title='bbox 534 1393 553 1433; x_wconf 88' lang='lat' dir='ltr'>p.</span> <span class='ocrx_word' id='word_1_149' title='bbox 569 1377 596 1421; x_wconf 72' lang='lat'>29</span> <span class='ocrx_word' id='word_1_150' title='bbox 611 1391 654 1432; x_wconf 80' lang='lat' dir='ltr'>sqq.</span> <span class='ocrx_word' id='word_1_151' title='bbox 685 1379 804 1419; x_wconf 87' lang='lat' dir='ltr'>Versionem</span> <span class='ocrx_word' id='word_1_152' title='bbox 821 1377 871 1418; x_wconf 86' lang='lat' dir='ltr'>hanc</span> 
     </span>
     <span class='ocr_line' id='line_1_18' title="bbox 111 1447 871 1502; baseline 0.001 -15"><span class='ocrx_word' id='word_1_153' title='bbox 111 1447 191 1488; x_wconf 86' lang='lat' dir='ltr'>latinam</span> <span class='ocrx_word' id='word_1_154' title='bbox 215 1451 235 1488; x_wconf 87' lang='lat' dir='ltr'>et</span> <span class='ocrx_word' id='word_1_155' title='bbox 258 1448 309 1488; x_wconf 85' lang='lat' dir='ltr'>iliam</span> <span class='ocrx_word' id='word_1_156' title='bbox 332 1449 471 1489; x_wconf 87' lang='lat' dir='ltr'>Arrncoiacam</span> <span class='ocrx_word' id='word_1_157' title='bbox 498 1462 524 1490; x_wconf 83' lang='lat' dir='ltr'>ex</span> <span class='ocrx_word' id='word_1_158' title='bbox 550 1462 589 1490; x_wconf 87' lang='lat' dir='ltr'>ana</span> <span class='ocrx_word' id='word_1_159' title='bbox 615 1449 725 1502; x_wconf 85' lang='lat' dir='ltr'>eademque</span> <span class='ocrx_word' id='word_1_160' title='bbox 750 1449 871 1489; x_wconf 85' lang='lat' dir='ltr'>recensione</span> 
     </span>
     <span class='ocr_line' id='line_1_19' title="bbox 112 1516 871 1573; baseline 0.001 -16"><span class='ocrx_word' id='word_1_161' title='bbox 112 1530 186 1571; x_wconf 83' lang='lat' dir='ltr'>graeca</span> <span class='ocrx_word' id='word_1_162' title='bbox 207 1518 306 1571; x_wconf 85' lang='lat' dir='ltr'>prodiisse</span> <span class='ocrx_word' id='word_1_163' title='bbox 327 1518 471 1560; x_wconf 81' lang='lat' dir='ltr'>Petermannus</span> <span class='ocrx_word' id='word_1_164' title='bbox 492 1520 594 1561; x_wconf 75' lang='lat' dir='ltr'>contendit</span> <span class='ocrx_word' id='word_1_165' title='bbox 616 1516 647 1573; x_wconf 81' lang='lat' dir='ltr'>(p.</span> <span class='ocrx_word' id='word_1_166' title='bbox 664 1517 713 1560; x_wconf 75' lang='lat' dir='ltr'>ded.</span> <span class='ocrx_word' id='word_1_167' title='bbox 730 1516 799 1573; x_wconf 79' lang='lat'><strong>505),</strong></span> <span class='ocrx_word' id='word_1_168' title='bbox 819 1518 871 1559; x_wconf 88' lang='lat' dir='ltr'>Uhl-</span> 
     </span>
     <span class='ocr_line' id='line_1_20' title="bbox 112 1585 411 1643; baseline -0.003 -15"><span class='ocrx_word' id='word_1_169' title='bbox 112 1587 188 1628; x_wconf 86' lang='lat' dir='ltr'>hornus</span> <span class='ocrx_word' id='word_1_170' title='bbox 203 1589 285 1642; x_wconf 80' lang='lat' dir='ltr'>negavit</span> <span class='ocrx_word' id='word_1_171' title='bbox 302 1585 333 1643; x_wconf 83' lang='lat' dir='ltr'>[p.</span> <span class='ocrx_word' id='word_1_172' title='bbox 349 1586 411 1643; x_wconf 74' lang='lat'>251).</span> 
     </span>
    </p>

    <p class='ocr_par' dir='ltr' id='par_1_5' title="bbox 110 1658 871 1908">
     <span class='ocr_line' id='line_1_21' title="bbox 171 1658 871 1712; baseline 0 -15"><span class='ocrx_word' id='word_1_173' title='bbox 171 1658 200 1698; x_wconf 89' lang='lat' dir='ltr'>VI.</span> <span class='ocrx_word' id='word_1_174' title='bbox 232 1658 324 1711; x_wconf 85' lang='lat' dir='ltr'>Denique</span> <span class='ocrx_word' id='word_1_175' title='bbox 348 1658 462 1700; x_wconf 84' lang='lat' dir='ltr'>Coretonns</span> <span class='ocrx_word' id='word_1_176' title='bbox 484 1659 624 1712; x_wconf 74' lang='lat' dir='ltr'>frnpmenrem</span> <span class='ocrx_word' id='word_1_177' title='bbox 646 1658 748 1712; x_wconf 73' lang='lat' dir='ltr'>Syriacae</span> <span class='ocrx_word' id='word_1_178' title='bbox 772 1658 871 1699; x_wconf 79' lang='lat' dir='ltr'>versionis</span> 
     </span>
     <span class='ocr_line' id='line_1_22' title="bbox 111 1725 871 1783; baseline 0.001 -16"><span class='ocrx_word' id='word_1_179' title='bbox 111 1729 205 1780; x_wconf 82' lang='lat' dir='ltr'>antiquae</span> <span class='ocrx_word' id='word_1_180' title='bbox 227 1732 316 1768; x_wconf 88' lang='lat' dir='ltr'>actorum</span> <span class='ocrx_word' id='word_1_181' title='bbox 340 1732 454 1769; x_wconf 85' lang='lat' dir='ltr'>nostrorum</span> <span class='ocrx_word' id='word_1_182' title='bbox 479 1730 540 1770; x_wconf 84' lang='lat' dir='ltr'>edidit</span> <span class='ocrx_word' id='word_1_183' title='bbox 563 1728 635 1783; x_wconf 85' lang='lat' dir='ltr'>[Corp.</span> <span class='ocrx_word' id='word_1_184' title='bbox 658 1729 720 1783; x_wconf 79' lang='lat' dir='ltr'>ignat.</span> <span class='ocrx_word' id='word_1_185' title='bbox 743 1741 762 1782; x_wconf 89' lang='lat' dir='ltr'>p.</span> <span class='ocrx_word' id='word_1_186' title='bbox 786 1725 829 1769; x_wconf 78' lang='lat'>222</span> <span class='ocrx_word' id='word_1_187' title='bbox 851 1732 871 1768; x_wconf 89' lang='lat' dir='ltr'>et</span> 
     </span>
     <span class='ocr_line' id='line_1_23' title="bbox 110 1796 871 1854; baseline 0 -16"><span class='ocrx_word' id='word_1_188' title='bbox 110 1809 129 1850; x_wconf 94' lang='lat' dir='ltr'>p.</span> <span class='ocrx_word' id='word_1_189' title='bbox 151 1798 194 1839; x_wconf 71' lang='lat'>252</span> <span class='ocrx_word' id='word_1_190' title='bbox 210 1796 281 1853; x_wconf 67' lang='lat' dir='ltr'>scip),</span> <span class='ocrx_word' id='word_1_191' title='bbox 308 1798 368 1851; x_wconf 84' lang='lat' dir='ltr'>quod&#39;</span> <span class='ocrx_word' id='word_1_192' title='bbox 387 1812 398 1840; x_wconf 85' lang='lat' dir='ltr'>a</span> <span class='ocrx_word' id='word_1_193' title='bbox 421 1803 478 1840; x_wconf 80' lang='lat' dir='ltr'>textu</span> <span class='ocrx_word' id='word_1_194' title='bbox 500 1811 575 1854; x_wconf 80' lang='lat' dir='ltr'>graeco</span> <span class='ocrx_word' id='word_1_195' title='bbox 599 1799 674 1840; x_wconf 89' lang='lat' dir='ltr'>codicis</span> <span class='ocrx_word' id='word_1_196' title='bbox 698 1798 807 1840; x_wconf 83' lang='lat' dir='ltr'>Gelbertini</span> <span class='ocrx_word' id='word_1_197' title='bbox 830 1810 871 1839; x_wconf 91' lang='lat' dir='ltr'>non</span> 
     </span>
     <span class='ocr_line' id='line_1_24' title="bbox 110 1867 281 1908; baseline 0.006 -1"><span class='ocrx_word' id='word_1_198' title='bbox 110 1867 192 1907; x_wconf 86' lang='lat' dir='ltr'>multum</span> <span class='ocrx_word' id='word_1_199' title='bbox 209 1867 281 1908; x_wconf 86' lang='lat' dir='ltr'>differt.</span> 
     </span>
    </p>
   </div>
   <div class='ocr_carea' id='block_1_3' title="bbox 259 2096 725 2153">
    <p class='ocr_par' dir='ltr' id='par_1_6' title="bbox 259 2096 725 2153">
     <span class='ocr_line' id='line_1_25' title="bbox 259 2096 725 2153; baseline 0.006 -3"><span class='ocrx_word' id='word_1_200' title='bbox 259 2097 284 2151; x_wconf 81' lang='lat' dir='ltr'>t.</span> <span class='ocrx_word' id='word_1_201' title='bbox 319 2097 357 2150; x_wconf 83' lang='lat' dir='ltr'>DE</span> <span class='ocrx_word' id='word_1_202' title='bbox 375 2096 507 2151; x_wconf 68' lang='lat' dir='ltr'>epicroca</span> <span class='ocrx_word' id='word_1_203' title='bbox 526 2097 548 2152; x_wconf 85' lang='lat' dir='ltr'>S.</span> <span class='ocrx_word' id='word_1_204' title='bbox 567 2097 725 2153; x_wconf 74' lang='lat' dir='ltr'>Petrocori.</span> 
     </span>
    </p>
   </div>
   <div class='ocr_carea' id='block_1_4' title="bbox 108 2214 870 2690">
    <p class='ocr_par' dir='ltr' id='par_1_7' title="bbox 108 2214 870 2690">
     <span class='ocr_line' id='line_1_26' title="bbox 171 2214 870 2271; baseline 0.004 -18"><span class='ocrx_word' id='word_1_205' title='bbox 171 2214 183 2254; x_wconf 88' lang='lat' dir='ltr'>I.</span> <span class='ocrx_word' id='word_1_206' title='bbox 216 2214 246 2254; x_wconf 92' lang='lat' dir='ltr'>De</span> <span class='ocrx_word' id='word_1_207' title='bbox 261 2214 331 2266; x_wconf 81' lang='lat' dir='ltr'>patrie,</span> <span class='ocrx_word' id='word_1_208' title='bbox 347 2227 431 2268; x_wconf 80' lang='lat' dir='ltr'>genere,</span> <span class='ocrx_word' id='word_1_209' title='bbox 446 2214 493 2255; x_wconf 90' lang='lat' dir='ltr'>loco</span> <span class='ocrx_word' id='word_1_210' title='bbox 509 2227 532 2255; x_wconf 86' lang='lat' dir='ltr'>ac</span> <span class='ocrx_word' id='word_1_211' title='bbox 548 2219 638 2270; x_wconf 89' lang='lat' dir='ltr'>tempore</span> <span class='ocrx_word' id='word_1_212' title='bbox 653 2217 759 2257; x_wconf 82' lang='lat' dir='ltr'>nativitatis</span> <span class='ocrx_word' id='word_1_213' title='bbox 774 2217 794 2258; x_wconf 84' lang='lat' dir='ltr'>S.</span> <span class='ocrx_word' id='word_1_214' title='bbox 808 2217 870 2271; x_wconf 78' lang='lat' dir='ltr'>Pory-</span> 
     </span>
     <span class='ocr_line' id='line_1_27' title="bbox 112 2282 870 2340; baseline 0.007 -18"><span class='ocrx_word' id='word_1_215' title='bbox 112 2282 166 2336; x_wconf 91' lang='lat' dir='ltr'>carpi</span> <span class='ocrx_word' id='word_1_216' title='bbox 182 2283 229 2323; x_wconf 85' lang='lat' dir='ltr'>nihii</span> <span class='ocrx_word' id='word_1_217' title='bbox 246 2288 368 2336; x_wconf 86' lang='lat' dir='ltr'>compertum</span> <span class='ocrx_word' id='word_1_218' title='bbox 385 2284 486 2324; x_wconf 81' lang='lat' dir='ltr'>hahemus.</span> <span class='ocrx_word' id='word_1_219' title='bbox 515 2285 571 2332; x_wconf 83' lang='lat' dir='ltr'>Quae</span> <span class='ocrx_word' id='word_1_220' title='bbox 583 2291 647 2326; x_wconf 85' lang='lat' dir='ltr'>autem</span> <span class='ocrx_word' id='word_1_221' title='bbox 659 2286 684 2326; x_wconf 94' lang='lat' dir='ltr'>de</span> <span class='ocrx_word' id='word_1_222' title='bbox 695 2287 800 2339; x_wconf 86' lang='lat' dir='ltr'>apostolici</span> <span class='ocrx_word' id='word_1_223' title='bbox 811 2287 870 2340; x_wconf 83' lang='lat' dir='ltr'>hujus</span> 
     </span>
     <span class='ocr_line' id='line_1_28' title="bbox 110 2354 869 2410; baseline 0.004 -17"><span class='ocrx_word' id='word_1_224' title='bbox 110 2355 149 2394; x_wconf 85' lang='lat' dir='ltr'>viri</span> <span class='ocrx_word' id='word_1_225' title='bbox 165 2354 204 2394; x_wconf 90' lang='lat' dir='ltr'>vita</span> <span class='ocrx_word' id='word_1_226' title='bbox 221 2354 245 2394; x_wconf 91' lang='lat' dir='ltr'>ad</span> <span class='ocrx_word' id='word_1_227' title='bbox 261 2366 299 2394; x_wconf 89' lang='lat' dir='ltr'>nos</span> <span class='ocrx_word' id='word_1_228' title='bbox 316 2358 462 2406; x_wconf 84' lang='lat' dir='ltr'>pervenerunt,</span> <span class='ocrx_word' id='word_1_229' title='bbox 486 2366 509 2394; x_wconf 88' lang='lat' dir='ltr'>ea</span> <span class='ocrx_word' id='word_1_230' title='bbox 526 2354 638 2395; x_wconf 81' lang='lat' dir='ltr'>Gallandios</span> <span class='ocrx_word' id='word_1_231' title='bbox 657 2356 710 2396; x_wconf 87' lang='lat' dir='ltr'>hene</span> <span class='ocrx_word' id='word_1_232' title='bbox 726 2356 831 2408; x_wconf 81' lang='lat' dir='ltr'>congessit</span> <span class='ocrx_word' id='word_1_233' title='bbox 850 2354 869 2410; x_wconf 91' lang='lat'>).</span> 
     </span>
     <span class='ocr_line' id='line_1_29' title="bbox 111 2422 869 2478; baseline 0.004 -15"><span class='ocrx_word' id='word_1_234' title='bbox 111 2422 155 2475; x_wconf 77' lang='lat' dir='ltr'>„Ab</span> <span class='ocrx_word' id='word_1_235' title='bbox 168 2422 271 2477; x_wconf 84' lang='lat' dir='ltr'>Apostciis</span> <span class='ocrx_word' id='word_1_236' title='bbox 283 2435 327 2463; x_wconf 88' lang='lat' dir='ltr'>enm</span> <span class='ocrx_word' id='word_1_237' title='bbox 340 2423 440 2474; x_wconf 86' lang='lat' dir='ltr'>edoctum,</span> <span class='ocrx_word' id='word_1_238' title='bbox 452 2428 471 2463; x_wconf 89' lang='lat' dir='ltr'>et</span> <span class='ocrx_word' id='word_1_239' title='bbox 482 2436 526 2464; x_wconf 88' lang='lat' dir='ltr'>cum</span> <span class='ocrx_word' id='word_1_240' title='bbox 535 2425 605 2475; x_wconf 76' lang='lat' dir='ltr'>moltis,</span> <span class='ocrx_word' id='word_1_241' title='bbox 617 2425 650 2478; x_wconf 85' lang='lat' dir='ltr'>qui</span> <span class='ocrx_word' id='word_1_242' title='bbox 659 2425 763 2466; x_wconf 88' lang='lat' dir='ltr'>Dominum</span> <span class='ocrx_word' id='word_1_243' title='bbox 772 2424 869 2478; x_wconf 81' lang='lat' dir='ltr'>viderant,</span> 
     </span>
     <span class='ocr_line' id='line_1_30' title="bbox 109 2492 869 2548; baseline 0.004 -15"><span class='ocrx_word' id='word_1_244' title='bbox 109 2492 232 2533; x_wconf 82' lang='lat' dir='ltr'>familiariter</span> <span class='ocrx_word' id='word_1_245' title='bbox 248 2498 349 2534; x_wconf 82' lang='lat' dir='ltr'>versatum</span> <span class='ocrx_word' id='word_1_246' title='bbox 366 2505 412 2533; x_wconf 89' lang='lat' dir='ltr'>esse</span> <span class='ocrx_word' id='word_1_247' title='bbox 428 2496 511 2533; x_wconf 82' lang='lat' dir='ltr'>testetur</span> <span class='ocrx_word' id='word_1_248' title='bbox 526 2493 622 2534; x_wconf 82' lang='lat' dir='ltr'>irenaeus</span> <span class='ocrx_word' id='word_1_249' title='bbox 633 2492 667 2546; x_wconf 73' lang='lat'>²),</span> <span class='ocrx_word' id='word_1_250' title='bbox 690 2494 733 2547; x_wconf 87' lang='lat' dir='ltr'>ejus</span> <span class='ocrx_word' id='word_1_251' title='bbox 754 2494 869 2548; x_wconf 71' lang='lat' dir='ltr'>discipulus,</span> 
     </span>
     <span class='ocr_line' id='line_1_31' title="bbox 108 2554 870 2618; baseline 0.005 -17"><span class='ocrx_word' id='word_1_252' title='bbox 108 2562 139 2602; x_wconf 86' lang='lat' dir='ltr'>his</span> <span class='ocrx_word' id='word_1_253' title='bbox 155 2564 235 2603; x_wconf 84' lang='lat' dir='ltr'>verbis:</span> <span class='ocrx_word' id='word_1_254' title='bbox 251 2560 296 2605; x_wconf 76' lang='grc' dir='ltr'>Καὶ</span> <span class='ocrx_word' id='word_1_255' title='bbox 306 2559 454 2617; x_wconf 72' lang='grc' dir='ltr'><em>Πολύκαρπος</em></span> <span class='ocrx_word' id='word_1_256' title='bbox 469 2554 513 2603; x_wconf 79' lang='lat' dir='ltr'>rimo</span> <span class='ocrx_word' id='word_1_257' title='bbox 525 2555 659 2604; x_wconf 67' lang='lat' dir='ltr'>&#39;Anareitai</span> <span class='ocrx_word' id='word_1_258' title='bbox 673 2561 819 2618; x_wconf 67' lang='grc' dir='ltr'>μαθητευθεὶς</span> <span class='ocrx_word' id='word_1_259' title='bbox 833 2563 870 2605; x_wconf 78' lang='grc' dir='ltr'>καὶ</span> 
     </span>
     <span class='ocr_line' id='line_1_32' title="bbox 109 2625 869 2690; baseline 0.008 -20"><span class='ocrx_word' id='word_1_260' title='bbox 109 2630 291 2690; x_wconf 73' lang='grc' dir='ltr'><strong><em>συναναστραφεὶς</em></strong></span> <span class='ocrx_word' id='word_1_261' title='bbox 306 2630 397 2680; x_wconf 74' lang='grc' dir='ltr'><em>πολλοῖς</em></span> <span class='ocrx_word' id='word_1_262' title='bbox 407 2631 453 2679; x_wconf 79' lang='grc' dir='ltr'><strong><em>τοῖς</em></strong></span> <span class='ocrx_word' id='word_1_263' title='bbox 466 2625 503 2672; x_wconf 78' lang='lat' dir='ltr'>mia</span> <span class='ocrx_word' id='word_1_264' title='bbox 513 2628 609 2688; x_wconf 74' lang='grc' dir='ltr'><em>Χριστόν</em></span> <span class='ocrx_word' id='word_1_265' title='bbox 622 2625 742 2687; x_wconf 74' lang='grc' dir='ltr'><em>ἑωρακόσιν.</em></span> <span class='ocrx_word' id='word_1_266' title='bbox 768 2634 869 2688; x_wconf 89' lang='lat' dir='ltr'>Deinceps</span> 
     </span>
    </p>
   </div>
   <div class='ocr_carea' id='block_1_5' title="bbox 108 2721 868 2829">
    <p class='ocr_par' dir='ltr' id='par_1_8' title="bbox 108 2721 868 2829">
     <span class='ocr_line' id='line_1_33' title="bbox 133 2721 868 2813; baseline 0.007 -58"><span class='ocrx_word' id='word_1_267' title='bbox 133 2723 152 2762; x_wconf 80' lang='lat'>1)</span> <span class='ocrx_word' id='word_1_268' title='bbox 166 2722 246 2758; x_wconf 84' lang='lat' dir='ltr'>Biblioth.</span> <span class='ocrx_word' id='word_1_269' title='bbox 260 2731 338 2760; x_wconf 85' lang='lat' dir='ltr'>veterum</span> <span class='ocrx_word' id='word_1_270' title='bbox 351 2724 425 2758; x_wconf 84' lang='lat' dir='ltr'>Petrum.</span> <span class='ocrx_word' id='word_1_271' title='bbox 440 2723 458 2759; x_wconf 85' lang='grc' dir='ltr'>Τ.</span> <span class='ocrx_word' id='word_1_272' title='bbox 468 2721 491 2813; x_wconf 64' lang='lat' dir='ltr'>il</span> <span class='ocrx_word' id='word_1_273' title='bbox 523 2724 542 2764; x_wconf 80' lang='lat'>2]</span> <span class='ocrx_word' id='word_1_274' title='bbox 555 2723 599 2758; x_wconf 79' lang='lat' dir='ltr'>Adv.</span> <span class='ocrx_word' id='word_1_275' title='bbox 612 2724 659 2758; x_wconf 89' lang='lat' dir='ltr'>haer.</span> <span class='ocrx_word' id='word_1_276' title='bbox 669 2723 698 2768; x_wconf 83' lang='lat' dir='ltr'>HI,</span> <span class='ocrx_word' id='word_1_277' title='bbox 708 2724 724 2760; x_wconf 85' lang='lat'>3.</span> <span class='ocrx_word' id='word_1_278' title='bbox 743 2725 868 2772; x_wconf 73' lang='lat' dir='ltr'>dpudEoseb.</span> 
     </span>
     <span class='ocr_line' id='line_1_34' title="bbox 108 2776 670 2829; baseline 0.007 -16"><span class='ocrx_word' id='word_1_279' title='bbox 108 2776 176 2826; x_wconf 81' lang='lat' dir='ltr'>Proleg.</span> <span class='ocrx_word' id='word_1_280' title='bbox 189 2792 205 2826; x_wconf 58' lang='lat' dir='ltr'>p.</span> <span class='ocrx_word' id='word_1_281' title='bbox 218 2780 269 2816; x_wconf 76' lang='lat' dir='ltr'>LXIII</span> <span class='ocrx_word' id='word_1_282' title='bbox 281 2794 306 2829; x_wconf 83' lang='lat' dir='ltr'>sq.</span> <span class='ocrx_word' id='word_1_283' title='bbox 499 2781 541 2816; x_wconf 83' lang='lat' dir='ltr'>Htst.</span> <span class='ocrx_word' id='word_1_284' title='bbox 555 2781 597 2815; x_wconf 87' lang='lat' dir='ltr'>eccl.</span> <span class='ocrx_word' id='word_1_285' title='bbox 611 2782 629 2826; x_wconf 82' lang='grc'>4,</span> <span class='ocrx_word' id='word_1_286' title='bbox 643 2782 670 2817; x_wconf 81' lang='grc'>14.</span> 
     </span>
    </p>
   </div>
   <div class='ocr_carea' id='block_1_6' title="bbox 0 0 900 2987">
    <p class='ocr_par' dir='ltr' id='par_1_9' title="bbox 0 0 900 2987">
     <span class='ocr_line' id='line_1_35' title="bbox 0 0 900 2987; baseline 0 1"><span class='ocrx_word' id='word_1_287' title='bbox 0 0 900 2987; x_wconf 95' lang='lat' dir='ltr'> </span> 
     </span>
    </p>
   </div>
  </div>
 </body>
</html>
