1789 2987
79 217 122 257 254
283 212 544 249 MARTYRIUMS.1GNAT1L
559 214 584 249 vr.
598 215 632 249 vrr.

77 313 232 378 παρεβάλλετο,
248 313 277 369 ῶς
293 314 345 377 παρ’
360 314 415 362 αὐτά
429 319 468 362 rori
483 318 545 376 άγίου
559 315 667 379 μάρτυρος
676 317 774 377 Ἰγνοιτίου
783 318 837 376 πλη-

77 394 174 448 ροῦσθαι
187 385 224 446 την
248 388 401 450 Ιἐπιθυμίαν,
414 385 468 431 κατά
483 386 510 432 τό
524 389 678 449 γεγραμμένον·
699 387 839 444 ἳ,,ε’πιθυμίοι

77 459 161 503 δικαίου
176 459 267 517 δεκτη·“
281 459 316 502 ἵνα
330 459 403 517 μηδενί
417 460 460 502 τῶν
475 455 574 519 δδελιγῶν
586 460 684 519 ἐπαχθής
694 459 731 504 διά
740 462 777 519 τῆς
788 460 837 504 συλ-

77 530 140 587 λογῆς
154 530 193 572 τοῦ
208 530 313 588 λειψάνου
327 529 416 587 γένηται,
431 529 506 578 καθιδς
517 525 607 588 φθάσας
618 531 639 575 ἐν
649 536 677 589 τῇ
686 530 791 589 ἐπιστολῇ
800 526 838 588 τήν

76 597 132 642 ἰδίαν
142 594 248 655 ἐπεθύμει
258 598 357 655 γενέσθαι
369 598 483 642 τελείωσιν.
503 596 571 644 Μόνα
580 600 621 659 γάρ
632 601 660 644 τά
669 603 788 660 τραχύτερα
797 602 839 643 τῶν

77 669 142 726 άγίων
158 666 227 713 αὐτοῦ
241 668 349 727 λειψάνων
364 668 519 727 περιελείφθη,
541 669 604 728 άτινοι
618 670 648 720 εἰς
663 670 700 728 την
714 664 849 726 Ἀντιόχειαν

77 735 225 797 ἀπεκομίσθη,
240 739 275 781 καί
290 738 310 782 ἐν
325 737 391 795 5λίνῳ
407 737 522 796 κατετέθη,
538 741 648 799 θησαυρός
663 728 775 798 άτίμητος,
793 736 838 785 ind

76 811 114 868 τῆς
130 810 152 855 ἐν
166 811 198 867 τῶ
211 809 303 869 μάρτυρι
318 805 406 868 χάριτος
421 811 448 869 τῇ
463 809 514 867 άγίςι
528 808 624 869 ἐκκλησίᾳ
641 809 813 871 καταλειφθέντα
824 811 838 851 ⁴.

180 940 219 982 VII.
250 941 346 992 Ιρνιοίίιιε
361 945 456 980 mortuus
472 941 563 991 adparet
578 943 736 984 dormientibus.

135 1015 225 1077 Ἐγένετο
246 1018 271 1061 δὲ
291 1020 361 1062 ταῦτα
379 1019 407 1077 ’τη
426 1016 471 1076 πρό
491 1019 608 1077 δεκατριῶν
627 1022 735 1064 καλανδῶν
750 1017 838 1064 ’[ανουα-

76 1089 137 1148 ρίων,
148 1088 257 1133 τουτέστιν
268 1088 392 1144 Δεκεμβρίῳ
406 1085 480 1141 εἰκάδι,
496 1085 646 1134 ὑπατευόντων
656 1088 716 1150 πιιρά
727 1091 839 1146 Ῥωμαίοις

76 1158 134 1219 Σίρα
149 1159 183 1202 καί
199 1157 294 1203 Σενεκίου
309 1159 334 1203 τό
350 1159 472 1219 5δεύτερον.
505 1156 590 1204 Τοότων
606 1161 711 1206 αὐτόπται
725 1157 838 1219 γενόμενοι,

75 1228 130 1286 μετά
146 1224 241 1288 δακρύων
256 1229 302 1272 κατ’
318 1224 374 1273 οἶκόν
390 1245 414 1272 τε
434 1231 612 1285 παννυχίσαντες,
634 1233 670 1276 καί
691 1229 763 1276 πολλά
782 1233 839 1287 μετά

76 1300 208 1358 γονυκλισίας
227 1299 261 1344 καί
281 1294 372 1358 δεήσεως
394 1300 579 1360 παρακαλέσαντες
598 1301 635 1346 τόν
654 1299 724 1360 κόριον
740 1302 839 1359 6πληρο-

76 1373 172 1430 φορῆσαι
190 1369 241 1420 τοδς
260 1370 360 1421 ἀσθενεῖς
380 1370 433 1428 ἡμᾶς
454 1369 491 1413 ἐπί
512 1376 560 1421 τοῖς
581 1368 743 1430 προγεγονόσιν,
765 1367 839 1430 μικρόν

76 1439 249 1500 άιγυπνῶσαυτες,
266 1441 287 1484 οί
302 1441 339 1496 μέν
354 1439 453 1499 ἐξαίφνης
467 1435 584 1484 ἐπιστάντα
596 1442 631 1485 καὶ
643 1437 839 1501 περιπτυσσόμενον

75 1511 130 1569 ημάς
149 1510 277 1565 ἐβλέπομεν,
299 1509 319 1553 οἱ
335 1510 359 1554 δέ
375 1504 440 1553 πάλιν
455 1509 596 1566 ἐπευχόμευον
614 1513 664 1569 ἡμῖν
683 1511 783 1571 ἑωρῶμεν
802 1510 838 1554 τόν

75 1576 178 1639 μακάριον
197 1577 303 1636 ’[γνάτιον,
324 1576 387 1624 άλλοι
407 1579 431 1623 δέ
451 1576 578 1636 σταζόμενου
598 1576 636 1640 εἶφ’
655 1581 747 1641 ἱδρῶτος
768 1576 797 1631 ῶς
817 1579 838 1624 ἐκ

74 1649 168 1704 καμάτου
193 1650 277 1694 πολλοῦ
299 1645 480 1708 παραγενόμενον,
506 1650 540 1693 καί
563 1652 702 1709 παρεστῶτα
715 1649 838 1709 τῶκυρίῳ.

74 1718 140 1764 Mirr}
160 1720 241 1778 πολλης
261 1717 331 1762 τοίνυν
351 1734 419 1778 χαριις
438 1720 507 1762 ταῦτα
528 1719 573 1764 ίδόν
563 1736 617 1772 ντες,
639 1720 674 1764 καί
696 1734 721 1764 σι
721 1715 839 1801 μβαλόντες

74 1786 114 1840 τάς
130 1786 194 1848 όψεις
208 1791 250 1832 τῶν
271 1785 395 1847 ὀνειράτων
415 1786 450 1845 μ
451 1803 541 1847 ησιιντες
561 1788 598 1834 τόν
615 1788 678 1843 Θεόυ,
701 1788 738 1834 τόν
759 1791 839 1848 δοτηρα

74 1861 116 1902 τῶν
132 1858 232 1918 άγαθῶυ,
252 1858 316 1902 καίι
301 1857 454 1917 μακαρίσαντες
468 1857 505 1902 τόν
519 1860 589 1918 άγιον,
609 1855 743 1940 εφαιερῶσαγ
735 1877 772 1916 μεν
790 1860 803 1902 ά
803 1862 839 1914 μίν

73 1930 108 1973 καί
123 1948 160 1988 την
174 1926 252 1988 ἡμέραν
267 1928 301 1971 καί
316 1929 352 1972 τόν
367 1923 451 1987 χρόνον,
472 1926 507 1972 λιιι
520 1929 574 1973 κατά
588 1927 625 1974 τόν
642 1925 715 1989 καιρόν
730 1930 771 1973 τοῦ
784 1944 838 1987 μαρ

74 2001 150 2059 τυρίου
167 1994 324 2056 7συναγόμενοι,
339 2001 470 2054 κοινωνῶμεν
485 2004 516 2055 τῶ
531 1996 616 2058 άθλητη
633 1999 667 2042 καί
682 1997 791 2056 γειναίιγι
783 1994 838 2057 μάρ

72 2086 121 2128 τυρι
136 2074 239 2129 Χριστοῦ,
255 2062 426 2124 καταπατησαντι
440 2065 478 2111 τόν
493 2041 606 2125 διάβολον,
621 2068 655 2111 καί
669 2065 707 2111 τόν
721 2073 759 2127 τῆς
773 2068 837 2126 φιλο-

73 2140 160 2199 γρίστου
185 2139 250 2184 αὐτοῦ
275 2139 396 2196 ἐπιθυμίας
421 2134 557 2183 τελειῶσαντι
582 2135 672 2197 δρόμον,
701 2137 722 2181 ἐν
746 2138 838 2196 Χριστῷ

72 2209 138 2267 Ἰησοῦ
156 2216 187 2266 τῷ
207 2210 272 2269 κυρίῳ
294 2206 364 2267 ἡμῶν,
386 2205 414 2252 διἸ
431 2206 456 2253 οὗ
470 2209 505 2252 καί
519 2206 570 2265 μεθ’
586 2204 611 2253 οὗ
624 2211 656 2265 τῶ
672 2207 742 2265 πατρί
757 2207 770 2265 ἡ
784 2202 837 2259 δόξα

72 2279 106 2323 καί
121 2280 148 2324 τό
162 2277 241 2338 κράτος
257 2279 294 2323 σίν
308 2281 339 2335 τῶ
354 2275 408 2334 άγίιγ
423 2280 527 2334 πνεύματι
542 2279 572 2328 εἷς
587 2278 671 2327 αἰῶνας.
700 2273 767 2334 Ἀμην.

99 2373 116 2418 1]
130 2374 173 2407 vide
187 2372 223 2418 Igu.
237 2373 258 2406 ad
271 2372 320 2407 Rom.
334 2384 349 2406 ο.
364 2373 380 2405 4,
466 2379 531 2406 verunt.
558 2372 648 2406 Praeterea
666 2371 782 2415 Chrysostomi
803 2372 836 2405 ad-

97 2433 115 2474 2)
130 2432 179 2465 Prov.
195 2431 265 2474 ·10,24.
465 2429 498 2463 huc
516 2430 621 2474 temporibus
640 2430 723 2474 reliquiae
743 2430 759 2465 S.
776 2430 836 2475 ignatii

97 2489 116 2533 3]
128 2490 181 2522 Vetus
193 2489 251 2522 versio
268 2488 297 2523 lat.
314 2488 375 2523 hahet:
395 2495 411 2524 at
427 2491 446 2524 ιἰι
465 2498 569 2533 magnopere
598 2487 699 2522 Antiochiae
730 2488 834 2523 colebantur.

73 2559 144 2591 οσγειι
156 2549 235 2591 reposita
239 2562 246 2591 ,-
259 2547 298 2580 ideo
310 2546 339 2581 Dr.
350 2546 402 2579 Nolte
414 2557 445 2590 pro
465 2544 499 2579 cfr.
513 2549 605 2592 ΟΙινγσοοί.
619 2546 662 2580 oriri.
675 2547 692 2579 in
701 2545 717 2580 S.
727 2546 780 2591 ignat.
795 2557 809 2579 ο.
818 2545 834 2580 5.

72 2606 111 2648 λίνῳ
119 2603 211 2649 legendum
217 2609 265 2648 putat
271 2604 371 2647 λίκνφ;ι“ιι
377 2611 445 2649 sporta.
465 2602 507 2646 Opp.
521 2604 539 2637 T.
552 2604 572 2637 II.
585 2615 602 2648 p.
616 2605 656 2638 660.
670 2605 697 2637 erl.
711 2603 770 2637 Montf.

96 2663 114 2705 4)
135 2662 220 2706 Reliquias
241 2661 258 2695 S.
279 2660 340 2706 Ignatii
360 2662 381 2696 ab
402 2662 445 2695 urhe
487 2661 507 2705 5]
519 2660 563 2695 Nota
576 2661 619 2695 haee
631 2660 752 2705 chronologica
770 2661 834 2705 absque

72 2721 126 2754 Roma
139 2721 201 2754 reiaras
215 2731 274 2754 ornnes
287 2731 308 2753 er
321 2721 381 2755 ordine
399 2720 444 2754 civi·
463 2719 514 2752 dubio
528 2725 606 2763 corrupta
619 2726 647 2754 aut
656 2731 665 2754 a
674 2720 766 2754 recentiori
777 2719 834 2753 addita

71 2784 116 2814 rates
133 2783 245 2822 susceperunt
264 2784 281 2811 et
297 2778 371 2813 humeris
383 2782 444 2822 gesta·
463 2782 495 2810 est.
519 2779 594 2813 Senecio
611 2777 670 2813 consul
687 2782 723 2811 erat
739 2778 788 2812 annis
805 2775 833 2819 98,
