1765 2987
190 148 273 184 iuuant
285 147 392 183 EPISTOLA
404 149 434 184 Ao
448 149 561 185 EPHESIOS.
575 149 587 184 l.
602 148 622 183 Π.
742 151 784 192 153

27 257 86 300 vohis
102 258 232 313 comparastis
256 255 339 298 ¹indole
354 259 417 311 proha
432 259 541 302 secundum
557 259 616 301 iidem
633 264 654 301 et
669 257 785 300 charitatem

27 329 48 369 in
59 327 108 369 Jesu
120 327 205 381 Christo,
221 328 322 369 salvatore
333 333 414 379 nostro,
430 327 487 384 [cum
504 327 629 372 ²inntat01as
645 329 688 371 sitis
699 328 743 380 Dei,
761 326 785 367 ad

28 400 88 440 vitam
104 398 211 442 ³revocati
226 411 263 453 per
279 398 396 453 sangninem
412 398 469 453 4Dei,
485 412 536 454 opus
552 399 681 442 fraternitatis
694 398 786 453 perfecte

28 468 141 510 absolvistis
147 483 154 520 ς
175 473 281 523 postquam
302 469 354 510 enim
375 470 468 524 audistis,
489 484 521 513 me
540 472 627 513 vinctum
647 470 731 524 cSyria
747 480 784 523 pro

29 539 128 594 communi
148 535 229 580 nomine
250 544 270 580 et
289 551 337 593 spe,
364 538 452 582 ⁵uidere
475 540 583 582 festinastis
607 552 639 580 me
664 544 785 593 sperantem,

29 609 82 660 quod
104 608 177 649 vestris
197 609 291 662 precibus
312 622 436 663 consequar,
460 614 481 651 ut
495 611 571 652 Romae
591 610 689 649 adversus
711 608 785 648 bestias

28 690 129 732 pugnem,
152 682 174 719 ut
198 691 234 732 per
256 680 370 733 martyrium
393 680 476 733 adipisci
498 680 586 732 possim,
610 677 718 730 discipulus
740 688 786 717 esse
821 665 823 667 ’

29 745 113 800 ⁶iliius,
138 748 170 802 qui
194 760 217 790 se
239 749 304 802 ipsum
326 761 363 803 pro
385 750 444 790 nobis
465 749 536 789 obtulit
556 748 601 789 Deo
625 748 745 788 oblationem
769 750 788 786 et

29 817 125 872 hostiam)
132 832 138 867 3
161 814 259 872 ⁷suscepi
275 832 326 873 ergo
348 820 367 859 in
390 818 471 859 nomine
484 818 522 858 Dei
541 817 684 858 multitudinem
700 820 787 876 vestram

28 888 48 928 in
60 886 163 939 Onesimo,
179 888 318 929 inenarrabilis
332 888 431 929 charitatis
445 889 495 939 viro,
511 893 581 928 restro
595 891 660 927 autem
673 887 693 927 in
709 882 787 925 8carne

29 958 139 1011 episcopo;
161 969 219 1010 quem
237 959 294 1012 juxta
310 958 379 1000 Jesum
395 958 494 999 Christum
516 958 600 999 avobis
621 956 694 1008 amari,
716 956 788 1007 cuique

29 1027 104 1067 similes
120 1039 157 1068 vos
174 1039 243 1069 omnes
259 1029 303 1069 fieri
319 1033 372 1083 opto.
404 1027 524 1069 Benedictus
541 1029 605 1081 enim,
622 1028 656 1080 qui
672 1026 735 1082 gratia
751 1037 788 1067 sua

30 1108 67 1138 vos
83 1097 143 1138 talem
159 1098 275 1153 episcopum
291 1098 397 1154 possidere
413 1098 505 1153 dignatus
523 1103 559 1140 est.
604 1138 610 1144 ,

29 1225 52 1267 ll.
81 1226 140 1268 Luam
154 1227 284 1279 reliquorum
300 1229 422 1280 lepotorom.
453 1228 582 1269 Eochortctz'o
603 1228 632 1268 od
647 1225 788 1268 obedientiam

215 1310 266 1350 erpo
282 1298 403 1351 episcopam
418 1302 438 1337 et
450 1297 608 1351 presbyterium.

89 1375 135 1418 ⁹De
151 1389 251 1420 conservo
267 1385 333 1420 autem
347 1392 392 1421 meo
403 1380 489 1431 Burrho,
505 1379 615 1420 secundum
626 1378 690 1417 Deum
702 1377 788 1417 diacono

30 1452 106 1499 restro,
122 1448 141 1489 in
158 1449 249 1490 omnihus
266 1450 378 1502 benedicto,
395 1461 438 1501 oro,
455 1453 476 1489 ut
491 1460 571 1501 semper
585 1448 642 1489 vobis
658 1453 678 1487 et
692 1447 787 1500 episeopo

30 1519 56 1559 sit
76 1518 153 1558 honori.
185 1518 225 1559 Sed
247 1522 266 1559 et
287 1519 374 1571 Crocus,
396 1517 479 1559 et'Deo
501 1523 521 1558 et
542 1519 600 1559 vobis
621 1517 707 1572 dignus,
730 1529 788 1569 quem

30 1588 132 1641 exemplar
148 1589 342 1634 restraeoharitatis
363 1590 445 1643 accepi,
466 1588 584 1641 peremnia
601 1600 632 1628 me
653 1584 669 1611 ¹⁰
679 1587 786 1637 recreavit,

30 1658 131 1711 quomodo
154 1663 174 1698 et
194 1658 258 1711 ipsum
282 1657 295 1682 ¹¹
307 1659 416 1714 refrigeret
437 1664 493 1712 pater
508 1659 558 1699 Jesn
574 1659 659 1710 Christi,
682 1670 722 1698 una
744 1670 789 1697 cum

31 1727 126 1768 Onesimo
143 1732 162 1768 et
178 1728 255 1768 Burrho
272 1733 292 1768 et
307 1728 371 1782 Euplo
387 1734 406 1770 et
417 1729 526 1780 Frontone,
542 1741 579 1782 per
596 1741 646 1781 qnos
664 1741 701 1769 vos
718 1740 788 1769 omnes

31 1797 96 1850 quoad
110 1798 225 1838 charitatem
236 1797 282 1838 uidi.
311 1796 326 1821 ¹²
334 1799 397 1839 Fruar
411 1799 467 1840 vobis
482 1803 587 1852 perpetuo,
604 1800 621 1839 si
637 1798 709 1852 dignus
724 1798 788 1838 fuero.

31 1867 94 1908 Decet
115 1868 181 1921 itaque
202 1878 239 1908 vos
261 1868 352 1909 omnibus
373 1868 437 1909 modis
459 1867 572 1922 glorificare
594 1867 663 1908 Jesum
684 1866 789 1918 Christum,

54 1958 73 2000 8)
85 1957 98 1992 1.
108 1969 123 1991 e.
136 1961 232 2005 episcopus
246 1962 333 2003 visibilis,
346 1962 401 1994 ricem
419 1966 466 1993 terea
485 1959 506 1993 ad
524 1960 557 1993 hoc
570 1965 621 2003 eaput
634 1960 713 1993 conferas
727 1962 788 2003 Rothe,

31 2027 93 2062 gerens
106 2018 186 2063 episcopi
197 2019 308 2062 tripartitis,
326 2020 401 2055 Christi.
419 2018 499 2063 Antange
512 2018 543 2051 der
556 2017 619 2051 cbristl.
632 2017 694 2051 llirehe
707 2030 724 2063 p.
737 2017 777 2051 tut.

32 2074 66 2109 ch.
88 2077 154 2120 norae,
176 2077 301 2123 Aarfdupeetc.
322 2088 338 2122 p,
359 2077 399 2111 476.
432 2074 710 2122 to)v0xPau1ina;lcor.1o‚
724 2076 790 2110 tuere.

24 2132 83 2180 ‘Syrus
95 2133 149 2166 verba
162 2130 179 2164 ἓν
192 2136 236 2176 σαρκὶ
249 2134 330 2178 neglexit.
419 2138 515 2169 tudensem.

40 2226 42 2229 ,
54 2189 73 2233 9)
87 2189 147 2224 Totum
160 2196 211 2234 caput
223 2190 316 2225 secundum
327 2191 376 2225 deest
384 2192 400 2225 in
432 2191 462 2235 ll]
474 2191 498 2225 lta
511 2190 548 2234 llis,
564 2201 621 2236 neque
634 2191 683 2225 aliter
696 2191 739 2237 legit
752 2191 790 2225 Vei.

31 2251 112 2283 versione
120 2249 189 2293 Syriaca
200 2252 242 2293 [non
255 2250 272 2283 in
281 2250 400 2295 Armeniacum
419 2251 461 2295 lnt.‚
479 2252 518 2286 dum
531 2251 592 2285 vertit:
609 2252 709 2297 refripcret.
733 2250 790 2284 Editi:

31 2309 69 2351 pius
82 2309 126 2340 enim
138 2306 168 2339 ille
181 2306 280 2350 monachus,
294 2309 322 2353 qui
332 2310 401 2342 versio·
419 2306 674 2353 a‘rmpdsse.Pauusdaeonson.
688 2307 790 2342 Cfr.I[Tim.

31 2375 71 2399 nem
80 2364 167 2408 Syriacam
178 2364 279 2407 elaboravit,
290 2366 346 2399 omnia
356 2366 401 2410 omi·
421 2366 437 2409 1,
453 2366 484 2400 15:
501 2365 576 2402 πολλάκις
591 2377 613 2408 με
625 2362 703 2410 disipulis,
722 2372 739 2399 et
752 2365 790 2399 Act.

31 2424 74 2457 sisse
90 2423 165 2465 videtur,
183 2434 227 2467 quae
244 2424 276 2467 ipsi
289 2429 306 2457 et
318 2425 357 2457 usui
370 2436 401 2458 suo
420 2426 437 2468 3,
451 2425 478 2458 19.
495 2427 593 2458 Jnoonsou.

32 2483 109 2516 erratico
122 2482 177 2513 minus
190 2491 265 2525 congrua
278 2482 354 2515 minusve
368 2493 401 2515 ne·
433 2483 463 2527 12)
476 2481 546 2516 Phrasin
560 2482 603 2515 hanc
616 2481 737 2525 apostolicam,
750 2491 760 2513 e
773 2480 789 2515 S.

33 2540 108 2574 cessaria
126 2539 202 2582 putabat.
227 2538 347 2573 Paraenetieos
359 2551 401 2574 vero
421 2541 467 2574 Pauli
484 2540 517 2584 Ep.
535 2540 555 2573 ad
573 2538 645 2572 Philem.
663 2549 707 2572 vers.
722 2538 755 2580 20,
772 2543 791 2571 ut

33 2596 143 2643 epistolarum
156 2595 282 2641 ignatianarum
299 2598 348 2632 locos
362 2609 401 2632 om·
420 2598 497 2640 videtur,
514 2597 617 2640 desumtam,
635 2597 704 2640 saepius
721 2597 791 2641 usurpat

32 2665 98 2700 nesque
115 2654 137 2687 ad
154 2655 206 2688 vitam
222 2655 266 2689 bene
283 2656 402 2690 instituendam
420 2657 501 2702 ignatius.
527 2654 560 2688 Cir.
574 2656 596 2689 ad
608 2654 664 2699 hlagn.
677 2665 691 2687 c.
701 2655 717 2687 2.
727 2654 755 2689 12.
771 2655 792 2689 ad

34 2714 159 2750 exhortationes
174 2712 234 2750 sedulo
247 2713 322 2763 collegit.
347 2713 402 2749 Prae·
420 2715 469 2749 Rom.
483 2724 497 2747 a.
511 2712 527 2750 5,
544 2713 565 2747 ad
576 2711 636 2757 Palpo.
650 2713 659 2745 1
675 2717 692 2745 et
705 2712 721 2747 6.
