1765 2987
163 180 247 236 IGllthl
258 179 366 217 urlsroun
378 180 409 215 AD
421 180 534 217 arnustus.
547 182 567 217 X.
580 180 608 216 XI.
620 180 656 216 llll.
746 182 788 224 163

34 291 100 328 autem
115 288 194 329 Domini
209 287 325 329 studeamus
341 297 388 328 esso
408 284 466 341 (quis
482 290 577 343 majorem
592 288 685 342 injuriam
703 285 708 310 ¹
717 297 790 340 passus

34 362 65 399 est
79 371 177 412 unquam,
200 359 243 411 quis
265 357 329 411 magis
351 357 466 411 destitutus,
488 359 531 411 quis
552 359 615 413 magis
638 354 789 410 contemtust),

33 426 78 468 2ne
100 426 181 469 ³herha
201 428 266 479 aliqua
288 426 362 468 diaboli
379 427 398 467 in
415 428 473 469 vohis
491 428 614 478 inveniatur;
636 427 673 469 sed
694 427 714 467 in
735 426 790 468 omni

32 498 117 551 puritate
134 501 153 537 et
168 497 299 550 temperantia
314 498 421 549 maneatis,
437 497 457 538 in
472 498 522 538 Jesu
538 497 628 549 Christo,
648 496 753 538 carnaliter
769 499 790 536 et

32 567 166 620 spiritualiter.

31 693 78 735 Xl.'
94 693 215 735 Nouissima
226 695 273 746 jum
285 699 334 735 oront
348 699 455 746 temporo;
471 695 578 735 timeamus
591 694 714 742 Dominum,¹
731 699 790 734 orote

361 776 404 814 pro
420 775 457 802 mo.

90 843 222 885 “Novissima
238 849 284 886 sunt
299 849 396 897 tempora.
426 843 474 898 ldeo
494 856 625 885 revereamur
646 848 666 885 et
685 844 789 884 timeamus

31 913 68 953 Dei
88 914 269 967 longanimitatem,
293 926 319 954 ne
340 914 360 954 in
378 913 475 967 judicium
496 914 554 954 nobis
576 913 638 953 cedat.
674 913 714 953 Aut
736 914 789 953 enim

31 982 115 1023 futuram
139 983 242 1023 timeamus
265 985 325 1034 iram,
352 989 386 1024 aut
409 987 536 1036 praesentem
561 984 645 1036 gratiam
672 983 788 1035 diligamus3

32 1050 109 1093 ⁵unum
126 1065 153 1092 ex
168 1052 252 1093 duobus.
283 1053 343 1094 utnon
354 1054 373 1093 in
386 1050 465 1094 Christo
476 1052 525 1092 Jesu
536 1053 667 1104 inveniamur,
683 1052 708 1092 atl
720 1064 787 1092 veram

30 1122 90 1168 vitam
105 1122 217 1162 vivendum.
249 1122 296 1163 Sine
315 1113 359 1175 ipso
381 1122 430 1162 nihil
449 1134 487 1163 vos
508 1122 590 1174 rleoeat,
613 1123 633 1162 in
652 1134 692 1175 quo
707 1121 788 1162 vincula

31 1190 150 1232 circumfero
172 1191 285 1244 spirituales
306 1189 455 1245 6margaritas,
476 1192 496 1231 in
518 1192 589 1243 quihus
610 1203 720 1245 resurgere
740 1190 788 1230 mihi

31 1262 133 1314 contingat
149 1261 241 1302 oratione
256 1265 331 1312 vestra,
342 1262 404 1314 eujus
415 1273 446 1300 me
458 1265 506 1313 opto
517 1272 597 1313 semper
608 1260 653 1300 fieri
662 1260 786 1314 participem,

30 1334 51 1370 ut
66 1330 157 1371 inveniar
172 1331 193 1371 in
208 1335 264 1370 sorte
274 1330 408 1384 Ephesiorum
419 1330 583 1382 Christianorum,
600 1330 634 1383 qui
650 1334 669 1371 et
684 1329 787 1382 Apostolis

31 1412 111 1454 semper
127 1404 274 1457 consenserunt
290 1401 310 1441 in
325 1400 398 1441 virtute
414 1399 464 1441 Josu
481 1398 558 1440 Christi.

132 1598 174 1639 Xll.
204 1597 263 1638 Laus
279 1598 424 1650 Ephesiorum.
455 1596 581 1650 illortpriorn
596 1598 685 1639 instans.

91 1676 160 1731 ⁷Soio,
177 1680 221 1732 quis
237 1679 273 1720 sim
290 1684 309 1720 et
323 1679 394 1732 quihus
407 1680 498 1720 scribam.
524 1678 569 1733 Ego
583 1679 734 1731 condemnatus,
750 1692 787 1721 vos

31 1748 188 1788 misericordiam
205 1749 292 1789 assecuti
297 1762 303 1798 3
326 1761 365 1802 ego
380 1749 471 1801 periculo
487 1750 599 1800 obnoxius,
617 1761 654 1789 vos
670 1749 787 1790 confirmati.

31 1814 151 1858 ⁸Transims
163 1819 211 1859 estis
222 1830 298 1870 eorum,
310 1818 344 1870 qui
354 1819 380 1858 ita
391 1818 541 1869 interficiuntur,
552 1823 573 1859 ut
584 1817 608 1858 ad
618 1818 683 1859 Deum
694 1819 787 1868 veniant,·

29 1887 84 1927 Pauli
95 1885 237 1942 ⁹symmpstae,
248 1889 282 1940 qui
290 1888 430 1938 sanctificatus,
439 1889 552 1941 martprium
559 1876 787 1941 consecutusetdigne

29 1957 100 1997 heatus
112 1962 148 2008 est,
160 1958 184 1998 ad
196 1958 253 2010 cujus
261 1947 349 2010 vestigia
357 1957 460 2009 contingat
468 1957 514 1997 mihi
524 1962 545 1997 ut
552 1957 649 2008 inveniar,
661 1957 741 2009 quando
750 1957 788 1997 Dei

29 2026 129 2079 particeps
139 2026 173 2079 tio,
190 2027 224 2080 qui
237 2023 300 2067 1ltota
311 2025 396 2079 epistola
406 2039 483 2069 memor
493 2028 556 2069 vestri
566 2032 597 2070 est
611 2027 631 2068 in
642 2027 720 2069 Christo
731 2026 787 2068 Josu.

53 2149 73 2194 6)
87 2149 120 2183 Clr.
133 2149 192 2193 Polyo.
206 2149 227 2183 ad
240 2149 282 2183 Phil.
296 2161 310 2183 c.
326 2149 341 2184 1.
430 2150 461 2196 10)
473 2151 511 2185 lton
523 2152 541 2184 in
554 2153 611 2194 omiti,
628 2152 659 2186 sed
673 2153 690 2185 in
703 2162 740 2187 uno
752 2157 788 2186 toto

53 2207 71 2249 7]
86 2206 119 2242 Glr.
132 2219 149 2252 p.
163 2208 202 2242 162.
216 2213 256 2241 nota
269 2208 286 2241 4.
418 2209 497 2253 epistola.
521 2208 596 2254 Ignatius
612 2210 702 2244 articulum
715 2211 734 2250 τῇ
748 2216 787 2243 ante

52 2265 71 2307 8)
85 2265 98 2299 Ι.
112 2277 127 2299 e.
146 2266 217 2299 avobis
230 2265 270 2308 [per
287 2277 359 2311 quorum
372 2268 398 2300 oi·
417 2265 492 2308 ἐπιστολῇ
507 2268 568 2301 omisit.
594 2269 695 2303 Orortuoros
709 2266 761 2309 (Einl.
774 2267 787 2300 l·

29 2323 100 2356 vitatem
112 2323 192 2356 transitus
206 2327 232 2356 est
244 2321 265 2355 ab
279 2321 349 2356 Oriente
361 2324 398 2358 Ro·
417 2334 434 2367 p.
444 2323 487 2368 395]
500 2323 545 2357 male
558 2324 652 2367 contendit,
665 2323 682 2356 ἓν
694 2322 738 2365 πάσῃ
749 2324 788 2356 ἐπι-

29 2383 82 2422 marn)
100 2379 202 2414 roborantur
217 2380 240 2423 ii,
258 2381 287 2426 qui
304 2381 326 2414 oh
343 2380 399 2415 Deum
418 2382 466 2424 στολῇ
484 2377 519 2415 non
540 2381 605 2415 debere
625 2382 680 2415 verti:
701 2383 720 2416 iu
740 2387 788 2417 toto
808 2417 810 2421 ,

29 2439 157 2480 interficiuntur,
171 2449 186 2472 e.
199 2449 216 2483 g.
229 2437 304 2482 Paulus,
317 2439 356 2472 Aet.
371 2440 398 2483 19,
418 2440 500 2483 epistota,
514 2444 530 2471 et
544 2445 629 2481 autumat,
641 2439 699 2473 locum
712 2441 787 2472 n'ostrum

30 2496 38 2528 1
53 2505 78 2539 sq.
92 2495 121 2537 20,
135 2494 156 2527 17
165 2506 197 2540 sq.‚
211 2500 228 2528 et
240 2506 286 2529 nuno
298 2505 337 2540 ego.
417 2496 512 2530 sanandum
529 2506 567 2529 esse
585 2497 708 2530 erecensione
727 2495 787 2538 majori

53 2552 71 2595 9)
84 2551 96 2587 l.
112 2563 127 2586 e.
140 2563 178 2586 oum
192 2553 209 2588 S.
218 2552 273 2586 Paulo*
284 2552 346 2586 initiati
359 2554 398 2587 estis
417 2552 547 2598 (interpolata),
566 2564 610 2599 quae
623 2553 675 2587 hahet
687 2549 702 2589 ὂς
714 2549 788 2584 πάντοτε

29 2611 114 2654 mysteriis
128 2610 180 2644 divini
193 2612 261 2645 consilii
270 2616 287 2644 et
296 2610 398 2644 christianae
417 2609 434 2642 ἐν
445 2615 480 2648 ταῖς
492 2609 563 2653 δεήσεσιν
575 2609 625 2642 αὐτοῦ
636 2607 731 2653 μνημονεύει
741 2608 788 2653 ἡμῶν

28 2668 111 2703 veritatis.
126 2666 160 2701 cn.
169 2667 233 2713 Ephes.
243 2669 259 2712 1,
269 2669 285 2703 9.
298 2668 315 2712 3,
325 2668 341 2702 3.
354 2669 371 2712 4,
381 2668 398 2702 9.
418 2665 485 2714 (uuor).

599 2781 647 2826 Ma
