1789 2987
98 224 142 266 418
240 220 333 255 HERMAE
346 219 437 255 PASTOR.
462 220 527 254 LIBER
539 220 567 254 tlt.
593 220 716 255 stultitiis.

97 328 221 372 sustulerunt
232 331 367 380 excrementa,
379 332 398 369 et
409 332 526 381 sparserunt
537 339 618 381 aquam3
631 339 670 380 qno
682 329 781 382 completo
793 329 856 372 factus

97 405 127 442 est
142 400 199 442 iocus
211 399 341 451 delectabilis,
357 403 377 439 ct
387 398 447 439 turris
459 398 539 439 decora.
570 397 603 438 Ait
615 397 687 439 deiude
698 399 758 441 mihi:
777 401 856 451 „omnia

97 471 233 512 commundata
249 473 306 519 sunt3
321 469 338 509 si
354 468 432 509 venerit
443 468 540 508 Dominus
556 468 607 508 hanc
623 469 692 509 turrim
709 482 855 522 consummare,

95 541 144 581 nihil
161 540 261 591 inveniet,
284 538 338 592 quod
354 538 379 579 de
395 538 452 580 nobis
469 537 584 590 qiieratui·.“
614 537 670 578 Haec
687 551 747 591 quum
764 539 854 592 dixisset,

95 610 176 651 volebat
192 610 253 650 abire.
285 608 311 649 At
328 619 367 661 ego
384 607 507 661 apprehendi
522 620 590 660 peram
607 609 657 662 ejus,
675 612 694 649 et
710 610 768 663 coepi
779 622 855 663 rogare

95 694 140 722 eum
155 693 193 733 per
208 680 320 731 Dominum,
337 682 358 719 ut
373 678 420 718 mihi
437 678 514 730 omnia,
531 689 582 729 quac
598 678 721 730 ostenderat,
738 679 854 733 explicaret.

93 750 127 791 Ait
137 750 194 790 mihi:
212 750 289 802 „habeo
301 748 398 790 modicam
410 749 567 802 occupationem,
584 753 603 788 at
613 749 679 789 omnia
689 749 724 789 tibi
736 749 853 802 explicab03

94 823 189 873 exspecta
205 824 272 860 autem
287 830 319 859 me
334 818 386 870 heic,
404 818 449 859 dum
465 817 545 859 veniet
578 817 628 858 Dico
644 818 672 859 ei:
690 818 789 872 „domine
807 819 853 872 quid

93 889 204 929 heicvsolus
216 887 317 928 faciain?‘⁴
348 887 471 940 Respondit:
489 900 543 939 „uon
555 900 577 928 es
589 889 651 940 solus,
664 900 734 929 omnes
746 890 798 929 enirn
808 889 853 929 vir-

92 959 150 1012 gines
161 963 227 999 tecum
238 956 303 998 suut.“
335 955 360 996 Et
376 956 426 996 dixi:
444 956 514 1008 „trade
525 970 563 1009 me,
580 957 666 1009 domine,
684 971 734 1012 ergo
751 957 800 999 eis.“
827 957 854 998 At

92 1028 125 1068 ille
140 1028 221 1069 vocavit
236 1026 292 1078 illas,
313 1030 334 1066 et
350 1025 400 1066 dixit
415 1026 456 1066 eis:
478 1026 610 1079 „commendo
626 1029 684 1069 vobis
700 1029 763 1081 hunc,
788 1028 853 1069 donec

91 1097 172 1139 venio·.“
202 1096 296 1137 Remansi
312 1085 372 1149 igitur
387 1107 431 1135 curn
442 1096 553 1149 virginibus
569 1096 613 1137 iilis.
644 1097 691 1138 Iliae
702 1101 767 1138 antem
779 1097 852 1138 hilares

38 1207 40 1209 ,
92 1170 154 1218 erant,
172 1170 191 1207 et
207 1165 296 1207 affabiles
312 1164 365 1216 mint,
381 1164 489 1218 praecipue
505 1170 571 1206 tamen
587 1171 679 1219 quatuor,
696 1179 748 1220 quac
760 1171 851 1209 caeteras

91 1235 240 1291 praecedebant
256 1236 357 1290 dignitate.
509 1227 511 1229 ¹

150 1307 182 1347 Xi.
213 1306 286 1346 Dicunt
300 1304 347 1346 mihi
364 1304 436 1345 deinde
452 1303 541 1358 virgines
557 1305 612 1346 iliae:
635 1305 709 1358 „hodie
730 1310 798 1359 pastor
818 1305 851 1348 illc

91 1378 130 1418 hnc
146 1381 242 1417 venturos
258 1387 298 1417 nou
315 1374 366 1416 est.“
397 1374 422 1414 Et
438 1385 477 1426 ego
494 1373 545 1413 dini:
563 1374 623 1426 „quid
635 1387 685 1430 ergo
697 1387 736 1430 ego
748 1366 850 1416 taciam?“

91 1447 116 1488 Et
133 1447 201 1487 dieunt
216 1445 274 1486 mihi:
292 1456 370 1497 „nsque
385 1443 405 1483 in
421 1455 527 1497 vesperam
544 1448 646 1497 exspecta,
664 1445 681 1485 si
692 1445 760 1495 forsan
773 1445 851 1485 venerit

92 1521 111 1557 et
126 1516 220 1569 loquetur
235 1519 300 1556 tecum
306 1528 312 1564 3
328 1515 359 1555 sin
375 1514 445 1565 minus,
461 1513 571 1566 nobiseum,
588 1513 633 1555 dum
649 1516 723 1567 veniat,
739 1515 849 1557 manebis.“

90 1586 137 1626 Dixi
149 1586 189 1626 eis:
203 1586 339 1638 „exspectato
352 1596 472 1636 eamusque
483 1583 507 1623 ad
518 1596 636 1638 vesperam
648 1586 720 1639 quodsi
731 1598 772 1627 uon
784 1598 850 1627 veue-

89 1656 121 1708 rit,
138 1656 218 1697 donnum
234 1656 273 1708 ibo,
290 1660 310 1696 ct
325 1653 505 1696 reve1·tarniane.“
536 1653 692 1707 Responderunt
703 1655 760 1696 mihi:
778 1656 850 1707 „nobis

90 1725 204 1780 assignatus
226 1737 259 1775 es;
280 1737 321 1766 non
341 1729 400 1778 potes
422 1724 520 1764 recedere
539 1735 552 1764 a
573 1725 651 1765 uobis.“
682 1724 706 1766 Et
728 1724 780 1766 dixi:
803 1726 850 1778 „ubi

90 1795 205 1837 manebo‘?“
237 1795 311 1836 Dicunt
325 1795 383 1836 milri:
401 1794 518 1847 „nobiscum
537 1791 639 1834 ¹dornies
654 1799 676 1835 ut
687 1794 755 1848 frater,
771 1809 812 1838 non
828 1800 850 1837 ut

89 1867 182 1916 manitus3
203 1864 266 1905 frater
281 1865 334 1905 enim
349 1869 419 1905 noster
435 1867 469 1915 es,
490 1863 550 1904 etde
571 1868 651 1905 caetero
672 1869 738 1905 tecum
759 1866 849 1907 habitare

88 1940 171 1989 paratae
187 1946 267 1984 snmns;
289 1934 346 1975 vaide
363 1935 415 1975 euim
431 1934 512 1974 charum
532 1937 552 1972 tc
568 1933 685 1975 habemus.“
717 1934 762 1990 Ego
783 1939 849 1976 autem

89 2005 234 2046 crubescebam
249 2016 294 2044 cum
310 2005 340 2045 cis
356 2015 443 2044 manere.
474 2002 502 2043 Ea
517 2015 580 2055 vero,
602 2016 654 2057 quae
671 2015 698 2044 ex
712 2004 751 2045 iilis
767 2003 849 2059 ²prima

90 2088 136 2117 esse
151 2075 264 2126 uidebatur,
281 2075 393 2128 amplexata
408 2085 441 2115 me
457 2076 494 2124 est,
511 2076 530 2113 et
546 2072 633 2114 osculari
648 2086 680 2114 me
691 2074 764 2127 coepit.
795 2074 848 2115 Cae-

88 2149 144 2185 terac
160 2157 215 2196 veru,
231 2156 292 2197 quum
308 2144 405 2185 vidissent
420 2155 452 2183 me
468 2143 577 2196 amplexari
594 2144 617 2184 ah
633 2143 672 2195 itta,
689 2148 709 2184 ct
725 2144 781 2196 ipsae
797 2157 848 2186 coe-

88 2217 163 2268 perunt
177 2225 209 2253 me
224 2218 246 2253 ut
261 2213 342 2254 tratrem
359 2212 451 2264 osculari,
468 2213 577 2259 etducere
592 2214 644 2254 circa
655 2215 731 2266 turrim,
748 2219 768 2255 et
778 2214 848 2256 ludere

88 2295 172 2324 mecum.
205 2282 307 2330 Quaedam
326 2287 391 2323 autem
408 2295 434 2323 ex
454 2282 491 2322 iliis
511 2281 599 2335 psalmos
621 2284 730 2335 canebant,
750 2285 847 2336 quaedam

89 2353 163 2393 choros
180 2351 285 2392 ducebant.
316 2351 360 2405 Ego
377 2356 442 2392 autern
458 2353 510 2393 circa
526 2354 595 2393 turrim
606 2354 626 2393 in
637 2354 716 2395 silentio
727 2354 791 2396 lactus
803 2368 847 2396 cum

89 2423 118 2464 eis
134 2422 270 2473 ambulabam,
290 2425 310 2462 ct
329 2421 412 2463 videbar
433 2422 479 2462 mihi
492 2422 562 2475 junior
577 2422 641 2463 factus
657 2434 709 2464 esse.
740 2424 846 2479 Postquam

88 2504 138 2533 vero
154 2503 240 2545 vespera
256 2503 302 2532 esse
318 2492 394 2544 coepit,
411 2491 491 2532 domum
506 2496 590 2544 repente
606 2493 661 2533 abire
677 2493 781 2545 volcbam;
801 2496 846 2537 illae

88 2567 154 2604 autern
169 2562 297 2603 retinuerunt
312 2574 356 2614 me,
378 2566 398 2603 et
417 2574 459 2603 non
474 2561 609 2615 permiserunt
624 2563 685 2604 abire.
716 2563 780 2605 Mansi
795 2576 846 2619 ergo

111 2665 131 2708 i)
144 2664 188 2698 Hinc
197 2664 255 2710 colligi
266 2669 333 2711 potest,
346 2676 410 2699 morem
419 2675 458 2699 cum
477 2667 591 2709 apostolicis,
618 2667 650 2700 sed
674 2669 752 2702 cocrutdo
778 2667 845 2701 demum

88 2722 305 2758 aizttoeoaucrtovivendi
312 2722 457 2765 jaminvaiuisse3
477 2723 536 2757 secuto
549 2729 635 2758 exaratum
649 2735 693 2759 osse.

89 2785 106 2813 et
123 2779 185 2814 librum
204 2781 333 2815 nostrumnon
352 2781 458 2825 temporibus
500 2781 519 2825 2]
532 2780 580 2816 Haec
588 2788 614 2817 est
621 2784 670 2828 fidos.
689 2782 844 2818 nicerotianis.
