<?xml version="1.0" encoding="UTF-8"?>
<!DOCTYPE html PUBLIC "-//W3C//DTD XHTML 1.0 Transitional//EN"
    "http://www.w3.org/TR/xhtml1/DTD/xhtml1-transitional.dtd">
<html xmlns="http://www.w3.org/1999/xhtml" xml:lang="en" lang="en">
 <head>
  <title>
</title>
<meta http-equiv="Content-Type" content="text/html;charset=utf-8" />
  <meta name='ocr-system' content='tesseract 3.04.00' />
  <meta name='ocr-capabilities' content='ocr_page ocr_carea ocr_par ocr_line ocrx_word'/>
</head>
<body>
  <div class='ocr_page' id='page_1' title='image "MN40298ucmf_0_0581.png"; bbox 0 0 1765 2987; ppageno 0'>
   <div class='ocr_carea' id='block_1_1' title="bbox 251 159 815 202">
    <p class='ocr_par' dir='ltr' id='par_1_1' title="bbox 251 159 815 202">
     <span class='ocr_line' id='line_1_1' title="bbox 251 159 815 202; baseline -0.004 -6"><span class='ocrx_word' id='word_1_1' title='bbox 251 159 320 196; x_wconf 83' lang='lat' dir='ltr'>INDEX</span> <span class='ocrx_word' id='word_1_2' title='bbox 332 159 409 194; x_wconf 81' lang='lat' dir='ltr'>RERUM</span> <span class='ocrx_word' id='word_1_3' title='bbox 422 160 450 195; x_wconf 88' lang='grc' dir='ltr'><strong>ΕΤ</strong></span> <span class='ocrx_word' id='word_1_4' title='bbox 463 159 619 198; x_wconf 75' lang='lat' dir='ltr'><strong>Puusouumut,</strong></span> <span class='ocrx_word' id='word_1_5' title='bbox 771 162 815 202; x_wconf 82' lang='grc'><strong>449</strong></span> 
     </span>
    </p>
   </div>
   <div class='ocr_carea' id='block_1_2' title="bbox 57 265 816 368">
    <p class='ocr_par' dir='ltr' id='par_1_2' title="bbox 57 265 816 368">
     <span class='ocr_line' id='line_1_2' title="bbox 57 265 816 315; baseline -0.003 -13"><span class='ocrx_word' id='word_1_6' title='bbox 57 266 163 315; x_wconf 74' lang='lat' dir='ltr'><strong>Apostoli</strong></span> <span class='ocrx_word' id='word_1_7' title='bbox 176 265 254 300; x_wconf 89' lang='lat' dir='ltr'><strong>homines</strong></span> <span class='ocrx_word' id='word_1_8' title='bbox 266 271 315 300; x_wconf 87' lang='lat' dir='ltr'><strong>crant</strong></span> <span class='ocrx_word' id='word_1_9' title='bbox 327 266 372 299; x_wconf 91' lang='lat' dir='ltr'><strong>omni</strong></span> <span class='ocrx_word' id='word_1_10' title='bbox 383 277 425 310; x_wconf 86' lang='lat' dir='ltr'><strong>pcc·</strong></span> <span class='ocrx_word' id='word_1_11' title='bbox 469 269 530 301; x_wconf 84' lang='lat' dir='ltr'><strong>mentis</strong></span> <span class='ocrx_word' id='word_1_12' title='bbox 547 277 577 311; x_wconf 86' lang='lat' dir='ltr'><strong>pro</strong></span> <span class='ocrx_word' id='word_1_13' title='bbox 594 268 631 310; x_wconf 87' lang='lat' dir='ltr'><strong>ipsu</strong></span> <span class='ocrx_word' id='word_1_14' title='bbox 644 266 692 301; x_wconf 84' lang='lat' dir='ltr'><strong>iocre</strong></span> <span class='ocrx_word' id='word_1_15' title='bbox 705 267 763 301; x_wconf 80' lang='lat' dir='ltr'><strong>affecti</strong></span> <span class='ocrx_word' id='word_1_16' title='bbox 776 266 816 300; x_wconf 88' lang='grc'>114.</span> 
     </span>
     <span class='ocr_line' id='line_1_3' title="bbox 80 323 816 368; baseline -0.001 -8"><span class='ocrx_word' id='word_1_17' title='bbox 80 332 119 360; x_wconf 91' lang='lat' dir='ltr'><strong>cato</strong></span> <span class='ocrx_word' id='word_1_18' title='bbox 137 325 229 368; x_wconf 76' lang='lat' dir='ltr'><strong>iniquiores</strong></span> <span class='ocrx_word' id='word_1_19' title='bbox 247 324 264 356; x_wconf 83' lang='grc'><strong>9.</strong></span> <span class='ocrx_word' id='word_1_20' title='bbox 294 323 372 367; x_wconf 86' lang='lat' dir='ltr'><strong>Apostoli</strong></span> <span class='ocrx_word' id='word_1_21' title='bbox 390 325 425 358; x_wconf 86' lang='lat' dir='ltr'><strong>Xll.</strong></span> <span class='ocrx_word' id='word_1_22' title='bbox 469 325 508 359; x_wconf 82' lang='lat' dir='ltr'><strong>rto.</strong></span> <span class='ocrx_word' id='word_1_23' title='bbox 528 324 568 359; x_wconf 80' lang='lat'>331.</span> <span class='ocrx_word' id='word_1_24' title='bbox 586 325 626 357; x_wconf 82' lang='grc'>431.</span> <span class='ocrx_word' id='word_1_25' title='bbox 655 326 745 359; x_wconf 84' lang='lat' dir='ltr'><strong>Beatorum</strong></span> <span class='ocrx_word' id='word_1_26' title='bbox 765 326 816 359; x_wconf 87' lang='lat' dir='ltr'><strong>sedes</strong></span> 
     </span>
    </p>
   </div>
   <div class='ocr_carea' id='block_1_3' title="bbox 57 382 427 881">
    <p class='ocr_par' dir='ltr' id='par_1_3' title="bbox 80 382 426 601">
     <span class='ocr_line' id='line_1_4' title="bbox 80 382 426 426; baseline -0.003 -9"><span class='ocrx_word' id='word_1_27' title='bbox 80 386 96 417; x_wconf 93' lang='lat' dir='ltr'><strong>in</strong></span> <span class='ocrx_word' id='word_1_28' title='bbox 110 382 183 416; x_wconf 86' lang='lat' dir='ltr'><strong>tribuum</strong></span> <span class='ocrx_word' id='word_1_29' title='bbox 196 383 311 415; x_wconf 84' lang='lat' dir='ltr'><strong>testimonium</strong></span> <span class='ocrx_word' id='word_1_30' title='bbox 324 382 352 415; x_wconf 82' lang='lat'>20.</span> <span class='ocrx_word' id='word_1_31' title='bbox 377 383 426 426; x_wconf 73' lang='lat' dir='ltr'><strong>Apo-</strong></span> 
     </span>
     <span class='ocr_line' id='line_1_5' title="bbox 80 439 425 475; baseline -0.003 -1"><span class='ocrx_word' id='word_1_32' title='bbox 80 440 118 475; x_wconf 82' lang='lat' dir='ltr'><strong>stoli</strong></span> <span class='ocrx_word' id='word_1_33' title='bbox 132 441 274 473; x_wconf 69' lang='lat' dir='ltr'><strong>resurrectionem</strong></span> <span class='ocrx_word' id='word_1_34' title='bbox 288 439 349 473; x_wconf 89' lang='lat' dir='ltr'><strong>Christi</strong></span> <span class='ocrx_word' id='word_1_35' title='bbox 367 441 425 474; x_wconf 82' lang='lat' dir='ltr'><strong>credi-</strong></span> 
     </span>
     <span class='ocr_line' id='line_1_6' title="bbox 80 496 425 541; baseline -0.006 -8"><span class='ocrx_word' id='word_1_36' title='bbox 80 500 141 533; x_wconf 87' lang='lat' dir='ltr'><strong>dcrunt</strong></span> <span class='ocrx_word' id='word_1_37' title='bbox 151 498 191 531; x_wconf 82' lang='lat'>224.</span> <span class='ocrx_word' id='word_1_38' title='bbox 210 496 288 541; x_wconf 75' lang='lat' dir='ltr'><strong>Apostoli</strong></span> <span class='ocrx_word' id='word_1_39' title='bbox 299 499 425 532; x_wconf 82' lang='lat' dir='ltr'><strong>successionem</strong></span> 
     </span>
     <span class='ocr_line' id='line_1_7' title="bbox 80 556 425 601; baseline 0 -11"><span class='ocrx_word' id='word_1_40' title='bbox 80 558 200 600; x_wconf 89' lang='lat' dir='ltr'><strong>episcoporum</strong></span> <span class='ocrx_word' id='word_1_41' title='bbox 213 556 334 589; x_wconf 81' lang='lat' dir='ltr'><strong>ordinaverunt</strong></span> <span class='ocrx_word' id='word_1_42' title='bbox 346 556 380 590; x_wconf 80' lang='grc'><strong>112</strong></span> <span class='ocrx_word' id='word_1_43' title='bbox 389 567 425 601; x_wconf 91' lang='lat' dir='ltr'><strong>sqq.</strong></span> 
     </span>
    </p>

    <p class='ocr_par' dir='ltr' id='par_1_4' title="bbox 57 613 426 708">
     <span class='ocr_line' id='line_1_8' title="bbox 57 613 426 660; baseline 0 -12"><span class='ocrx_word' id='word_1_44' title='bbox 57 613 180 660; x_wconf 75' lang='lat' dir='ltr'><strong>Apostolus</strong></span> <span class='ocrx_word' id='word_1_45' title='bbox 192 614 270 648; x_wconf 82' lang='lat' dir='ltr'><strong>absolute</strong></span> <span class='ocrx_word' id='word_1_46' title='bbox 282 620 353 648; x_wconf 84' lang='lat' dir='ltr'><strong>vocatur</strong></span> <span class='ocrx_word' id='word_1_47' title='bbox 365 613 426 648; x_wconf 83' lang='lat' dir='ltr'><strong>Paulus</strong></span> 
     </span>
     <span class='ocr_line' id='line_1_9' title="bbox 80 673 120 708; baseline -0.05 0"><span class='ocrx_word' id='word_1_48' title='bbox 80 673 120 708; x_wconf 79' lang='lat'>320.</span> 
     </span>
    </p>

    <p class='ocr_par' dir='ltr' id='par_1_5' title="bbox 57 730 294 767">
     <span class='ocr_line' id='line_1_10' title="bbox 57 730 294 767; baseline -0.017 0"><span class='ocrx_word' id='word_1_49' title='bbox 57 731 144 767; x_wconf 74' lang='lat' dir='ltr'><strong>Arabes</strong></span> <span class='ocrx_word' id='word_1_50' title='bbox 158 730 253 763; x_wconf 80' lang='lat' dir='ltr'><strong>circumcisi</strong></span> <span class='ocrx_word' id='word_1_51' title='bbox 266 730 294 763; x_wconf 81' lang='lat'><strong>22.</strong></span> 
     </span>
    </p>

    <p class='ocr_par' dir='ltr' id='par_1_6' title="bbox 57 785 427 881">
     <span class='ocr_line' id='line_1_11' title="bbox 57 785 426 831; baseline -0.005 -8"><span class='ocrx_word' id='word_1_52' title='bbox 57 788 167 825; x_wconf 79' lang='lat' dir='ltr'><strong>hscensio</strong></span> <span class='ocrx_word' id='word_1_53' title='bbox 182 785 253 828; x_wconf 86' lang='lat' dir='ltr'><strong>Christi,</strong></span> <span class='ocrx_word' id='word_1_54' title='bbox 271 798 345 831; x_wconf 88' lang='lat' dir='ltr'><strong>corpore</strong></span> <span class='ocrx_word' id='word_1_55' title='bbox 363 789 400 831; x_wconf 85' lang='lat' dir='ltr'><strong>ejus</strong></span> <span class='ocrx_word' id='word_1_56' title='bbox 417 799 426 822; x_wconf 93' lang='lat' dir='ltr'><strong>e</strong></span> 
     </span>
     <span class='ocr_line' id='line_1_12' title="bbox 80 844 427 881; baseline -0.006 0"><span class='ocrx_word' id='word_1_57' title='bbox 80 847 131 881; x_wconf 89' lang='lat' dir='ltr'><strong>terris</strong></span> <span class='ocrx_word' id='word_1_58' title='bbox 150 844 207 878; x_wconf 87' lang='lat' dir='ltr'><strong>ablato</strong></span> <span class='ocrx_word' id='word_1_59' title='bbox 227 844 266 879; x_wconf 89' lang='lat'>200.</span> <span class='ocrx_word' id='word_1_60' title='bbox 295 845 379 879; x_wconf 76' lang='lat' dir='ltr'><strong>Christum</strong></span> <span class='ocrx_word' id='word_1_61' title='bbox 399 847 427 879; x_wconf 94' lang='lat' dir='ltr'><strong>die</strong></span> 
     </span>
    </p>
   </div>
   <div class='ocr_carea' id='block_1_4' title="bbox 466 383 815 649">
    <p class='ocr_par' dir='ltr' id='par_1_7' title="bbox 466 383 815 649">
     <span class='ocr_line' id='line_1_13' title="bbox 466 383 815 426; baseline 0.006 -11"><span class='ocrx_word' id='word_1_62' title='bbox 466 383 500 426; x_wconf 86' lang='lat' dir='ltr'><strong>jam</strong></span> <span class='ocrx_word' id='word_1_63' title='bbox 524 389 563 416; x_wconf 84' lang='lat' dir='ltr'><strong>ante</strong></span> <span class='ocrx_word' id='word_1_64' title='bbox 583 383 665 426; x_wconf 79' lang='lat' dir='ltr'><strong>judiciuin</strong></span> <span class='ocrx_word' id='word_1_65' title='bbox 689 389 782 417; x_wconf 82' lang='lat' dir='ltr'><strong>extremum</strong></span> <span class='ocrx_word' id='word_1_66' title='bbox 805 396 815 417; x_wconf 92' lang='lat' dir='ltr'><strong>a</strong></span> 
     </span>
     <span class='ocr_line' id='line_1_14' title="bbox 468 441 814 487; baseline 0.006 -13"><span class='ocrx_word' id='word_1_67' title='bbox 468 441 525 487; x_wconf 85' lang='lat' dir='ltr'><strong>probis</strong></span> <span class='ocrx_word' id='word_1_68' title='bbox 538 446 617 474; x_wconf 86' lang='lat' dir='ltr'><strong>tenentur</strong></span> <span class='ocrx_word' id='word_1_69' title='bbox 631 442 673 482; x_wconf 79' lang='lat'><strong>122;</strong></span> <span class='ocrx_word' id='word_1_70' title='bbox 684 442 719 484; x_wconf 84' lang='lat' dir='ltr'><strong>jam</strong></span> <span class='ocrx_word' id='word_1_71' title='bbox 733 448 772 475; x_wconf 83' lang='lat' dir='ltr'><strong>ante</strong></span> <span class='ocrx_word' id='word_1_72' title='bbox 784 442 814 485; x_wconf 87' lang='lat' dir='ltr'><strong>ju-</strong></span> 
     </span>
     <span class='ocr_line' id='line_1_15' title="bbox 468 501 815 543; baseline 0.003 -11"><span class='ocrx_word' id='word_1_73' title='bbox 468 501 529 532; x_wconf 89' lang='lat' dir='ltr'><strong>dicium</strong></span> <span class='ocrx_word' id='word_1_74' title='bbox 543 503 635 533; x_wconf 84' lang='lat' dir='ltr'><strong>extremum</strong></span> <span class='ocrx_word' id='word_1_75' title='bbox 649 501 664 533; x_wconf 88' lang='lat' dir='ltr'><strong>in</strong></span> <span class='ocrx_word' id='word_1_76' title='bbox 679 507 771 543; x_wconf 80' lang='lat' dir='ltr'><strong>conspectu</strong></span> <span class='ocrx_word' id='word_1_77' title='bbox 782 501 815 533; x_wconf 87' lang='lat' dir='ltr'><strong>Dei</strong></span> 
     </span>
     <span class='ocr_line' id='line_1_16' title="bbox 468 556 814 592; baseline 0.003 -1"><span class='ocrx_word' id='word_1_78' title='bbox 468 559 528 591; x_wconf 87' lang='lat' dir='ltr'><strong>vivunt</strong></span> <span class='ocrx_word' id='word_1_79' title='bbox 545 556 584 589; x_wconf 81' lang='lat'>286.</span> <span class='ocrx_word' id='word_1_80' title='bbox 610 556 658 590; x_wconf 82' lang='lat' dir='ltr'><strong>Beati</strong></span> <span class='ocrx_word' id='word_1_81' title='bbox 676 565 716 592; x_wconf 84' lang='lat' dir='ltr'><strong>ante</strong></span> <span class='ocrx_word' id='word_1_82' title='bbox 730 558 814 592; x_wconf 74' lang='lat' dir='ltr'><strong>Christum</strong></span> 
     </span>
     <span class='ocr_line' id='line_1_17' title="bbox 467 614 700 649; baseline 0 0"><span class='ocrx_word' id='word_1_83' title='bbox 467 617 484 649; x_wconf 89' lang='lat' dir='ltr'><strong>in</strong></span> <span class='ocrx_word' id='word_1_84' title='bbox 497 614 559 648; x_wconf 83' lang='lat' dir='ltr'><strong>Scheol</strong></span> <span class='ocrx_word' id='word_1_85' title='bbox 573 614 649 649; x_wconf 87' lang='lat' dir='ltr'><strong>habitant</strong></span> <span class='ocrx_word' id='word_1_86' title='bbox 662 616 700 649; x_wconf 78' lang='lat'>424.</span> 
     </span>
    </p>
   </div>
   <div class='ocr_carea' id='block_1_5' title="bbox 445 673 814 719">
    <p class='ocr_par' dir='ltr' id='par_1_8' title="bbox 445 673 814 719">
     <span class='ocr_line' id='line_1_18' title="bbox 445 673 814 719; baseline 0.003 -12"><span class='ocrx_word' id='word_1_87' title='bbox 445 673 567 707; x_wconf 86' lang='lat' dir='ltr'><strong>Beatitudo</strong></span> <span class='ocrx_word' id='word_1_88' title='bbox 585 680 665 716; x_wconf 80' lang='lat' dir='ltr'><strong>aeterna,</strong></span> <span class='ocrx_word' id='word_1_89' title='bbox 686 685 729 719; x_wconf 87' lang='lat' dir='ltr'><strong>quae</strong></span> <span class='ocrx_word' id='word_1_90' title='bbox 746 676 776 717; x_wconf 78' lang='lat' dir='ltr'><strong>sit,</strong></span> <span class='ocrx_word' id='word_1_91' title='bbox 797 680 814 708; x_wconf 89' lang='lat' dir='ltr'><strong>et</strong></span> 
     </span>
    </p>
   </div>
   <div class='ocr_carea' id='block_1_6' title="bbox 468 731 816 878">
    <p class='ocr_par' dir='ltr' id='par_1_9' title="bbox 468 731 816 878">
     <span class='ocr_line' id='line_1_19' title="bbox 469 731 814 775; baseline 0.006 -12"><span class='ocrx_word' id='word_1_92' title='bbox 469 731 554 774; x_wconf 87' lang='lat' dir='ltr'><strong>quomodo</strong></span> <span class='ocrx_word' id='word_1_93' title='bbox 572 731 593 763; x_wconf 91' lang='lat' dir='ltr'><strong>ad</strong></span> <span class='ocrx_word' id='word_1_94' title='bbox 611 742 648 764; x_wconf 91' lang='lat' dir='ltr'><strong>eam</strong></span> <span class='ocrx_word' id='word_1_95' title='bbox 664 734 774 775; x_wconf 82' lang='lat' dir='ltr'><strong>perveniatur</strong></span> <span class='ocrx_word' id='word_1_96' title='bbox 786 732 814 765; x_wconf 84' lang='grc'><strong>98.</strong></span> 
     </span>
     <span class='ocr_line' id='line_1_20' title="bbox 469 786 816 832; baseline 0.003 -13"><span class='ocrx_word' id='word_1_97' title='bbox 469 786 570 829; x_wconf 70' lang='lat' dir='ltr'><strong>beatitudo,</strong></span> <span class='ocrx_word' id='word_1_98' title='bbox 591 786 635 831; x_wconf 72' lang='lat' dir='ltr'><strong>quae&#39;</strong></span> <span class='ocrx_word' id='word_1_99' title='bbox 654 790 737 832; x_wconf 84' lang='lat' dir='ltr'><strong>contingit</strong></span> <span class='ocrx_word' id='word_1_100' title='bbox 755 788 816 820; x_wconf 87' lang='lat' dir='ltr'><strong>electis</strong></span> 
     </span>
     <span class='ocr_line' id='line_1_21' title="bbox 468 845 554 878; baseline -0.012 0"><span class='ocrx_word' id='word_1_101' title='bbox 468 845 501 878; x_wconf 86' lang='lat' dir='ltr'><strong>Dei</strong></span> <span class='ocrx_word' id='word_1_102' title='bbox 515 845 554 878; x_wconf 81' lang='lat' dir='ltr'><strong>t22.</strong></span> 
     </span>
    </p>
   </div>
   <div class='ocr_carea' id='block_1_7' title="bbox 79 902 815 949">
    <p class='ocr_par' dir='ltr' id='par_1_10' title="bbox 79 902 815 949">
     <span class='ocr_line' id='line_1_22' title="bbox 79 902 815 949; baseline 0 -11"><span class='ocrx_word' id='word_1_103' title='bbox 79 904 169 938; x_wconf 84' lang='lat' dir='ltr'><strong>Dominica</strong></span> <span class='ocrx_word' id='word_1_104' title='bbox 180 904 284 946; x_wconf 80' lang='lat' dir='ltr'><strong>ascendisse,</strong></span> <span class='ocrx_word' id='word_1_105' title='bbox 298 902 384 939; x_wconf 84' lang='lat' dir='ltr'><strong>Barnabas</strong></span> <span class='ocrx_word' id='word_1_106' title='bbox 394 906 427 939; x_wconf 87' lang='lat' dir='ltr'><strong>do·</strong></span> <span class='ocrx_word' id='word_1_107' title='bbox 446 904 633 938; x_wconf 86' lang='lat' dir='ltr'><strong>Benedictionem</strong></span> <span class='ocrx_word' id='word_1_108' title='bbox 650 903 724 937; x_wconf 84' lang='lat' dir='ltr'><strong>divinam</strong></span> <span class='ocrx_word' id='word_1_109' title='bbox 740 915 773 949; x_wconf 87' lang='lat' dir='ltr'><strong>qua</strong></span> <span class='ocrx_word' id='word_1_110' title='bbox 785 915 815 938; x_wconf 87' lang='lat' dir='ltr'><strong>ra-</strong></span> 
     </span>
    </p>
   </div>
   <div class='ocr_carea' id='block_1_8' title="bbox 81 961 242 995">
    <p class='ocr_par' dir='ltr' id='par_1_11' title="bbox 81 961 242 995">
     <span class='ocr_line' id='line_1_23' title="bbox 81 961 242 995; baseline -0.006 0"><span class='ocrx_word' id='word_1_111' title='bbox 81 972 120 995; x_wconf 89' lang='lat' dir='ltr'><strong>cere</strong></span> <span class='ocrx_word' id='word_1_112' title='bbox 134 961 203 994; x_wconf 84' lang='lat' dir='ltr'><strong>videtur</strong></span> <span class='ocrx_word' id='word_1_113' title='bbox 214 961 242 995; x_wconf 98' lang='lat'><strong>40.</strong></span> 
     </span>
    </p>
   </div>
   <div class='ocr_carea' id='block_1_9' title="bbox 469 962 768 996">
    <p class='ocr_par' dir='ltr' id='par_1_12' title="bbox 469 962 768 996">
     <span class='ocr_line' id='line_1_24' title="bbox 469 962 768 996; baseline -0.007 0"><span class='ocrx_word' id='word_1_114' title='bbox 469 965 515 996; x_wconf 86' lang='lat' dir='ltr'><strong>tione</strong></span> <span class='ocrx_word' id='word_1_115' title='bbox 529 963 616 995; x_wconf 86' lang='lat' dir='ltr'><strong>consecuti</strong></span> <span class='ocrx_word' id='word_1_116' title='bbox 629 962 662 994; x_wconf 92' lang='lat' dir='ltr'><strong>sint</strong></span> <span class='ocrx_word' id='word_1_117' title='bbox 673 964 727 995; x_wconf 85' lang='lat' dir='ltr'><strong>sancti</strong></span> <span class='ocrx_word' id='word_1_118' title='bbox 741 962 768 995; x_wconf 81' lang='grc'><strong>94.</strong></span> 
     </span>
    </p>
   </div>
   <div class='ocr_carea' id='block_1_10' title="bbox 57 1019 814 1064">
    <p class='ocr_par' dir='ltr' id='par_1_13' title="bbox 57 1019 814 1064">
     <span class='ocr_line' id='line_1_25' title="bbox 57 1019 814 1064; baseline -0.001 -9"><span class='ocrx_word' id='word_1_119' title='bbox 57 1021 200 1064; x_wconf 72' lang='lat' dir='ltr'><strong>hsyncriius.</strong></span> <span class='ocrx_word' id='word_1_120' title='bbox 232 1019 275 1052; x_wconf 87' lang='lat' dir='ltr'><strong>Num</strong></span> <span class='ocrx_word' id='word_1_121' title='bbox 296 1020 396 1064; x_wconf 78' lang='lat' dir='ltr'><strong>hsyncritus</strong></span> <span class='ocrx_word' id='word_1_122' title='bbox 417 1033 426 1055; x_wconf 84' lang='lat' dir='ltr'><strong>a</strong></span> <span class='ocrx_word' id='word_1_123' title='bbox 446 1019 628 1060; x_wconf 84' lang='lat' dir='ltr'><strong>BeneficiaDei‚</strong></span> <span class='ocrx_word' id='word_1_124' title='bbox 644 1021 757 1053; x_wconf 83' lang='lat' dir='ltr'><strong>nenohisin</strong></span> <span class='ocrx_word' id='word_1_125' title='bbox 771 1031 814 1054; x_wconf 91' lang='lat' dir='ltr'><strong>con-</strong></span> 
     </span>
    </p>
   </div>
   <div class='ocr_carea' id='block_1_11' title="bbox 80 1077 399 1123">
    <p class='ocr_par' dir='ltr' id='par_1_14' title="bbox 80 1077 399 1123">
     <span class='ocr_line' id='line_1_26' title="bbox 80 1077 399 1123; baseline 0.003 -12"><span class='ocrx_word' id='word_1_126' title='bbox 80 1079 97 1111; x_wconf 88' lang='lat' dir='ltr'>S.</span> <span class='ocrx_word' id='word_1_127' title='bbox 110 1078 176 1123; x_wconf 75' lang='lat' dir='ltr'><strong>lgnotlo</strong></span> <span class='ocrx_word' id='word_1_128' title='bbox 190 1077 269 1111; x_wconf 88' lang='lat' dir='ltr'><strong>laudetur</strong></span> <span class='ocrx_word' id='word_1_129' title='bbox 281 1079 320 1111; x_wconf 77' lang='lat'>233.</span> <span class='ocrx_word' id='word_1_130' title='bbox 334 1085 369 1112; x_wconf 92' lang='lat' dir='ltr'><strong>not.</strong></span> <span class='ocrx_word' id='word_1_131' title='bbox 383 1080 399 1112; x_wconf 75' lang='lat' dir='ltr'>S.</span> 
     </span>
    </p>
   </div>
   <div class='ocr_carea' id='block_1_12' title="bbox 56 1136 426 1227">
    <p class='ocr_par' dir='ltr' id='par_1_15' title="bbox 56 1136 426 1227">
     <span class='ocr_line' id='line_1_27' title="bbox 56 1136 426 1179; baseline 0 -8"><span class='ocrx_word' id='word_1_132' title='bbox 56 1136 164 1171; x_wconf 80' lang='lat' dir='ltr'><strong>Athletae</strong></span> <span class='ocrx_word' id='word_1_133' title='bbox 177 1137 233 1179; x_wconf 81' lang='lat' dir='ltr'><strong>magui</strong></span> <span class='ocrx_word' id='word_1_134' title='bbox 247 1141 281 1178; x_wconf 82' lang='lat' dir='ltr'><strong>est,</strong></span> <span class='ocrx_word' id='word_1_135' title='bbox 296 1137 345 1169; x_wconf 84' lang='lat' dir='ltr'><strong>caedi</strong></span> <span class='ocrx_word' id='word_1_136' title='bbox 357 1143 374 1171; x_wconf 86' lang='lat' dir='ltr'><strong>et</strong></span> <span class='ocrx_word' id='word_1_137' title='bbox 386 1139 426 1171; x_wconf 81' lang='lat' dir='ltr'><strong>vin-</strong></span> 
     </span>
     <span class='ocr_line' id='line_1_28' title="bbox 80 1193 174 1227; baseline -0.011 0"><span class='ocrx_word' id='word_1_138' title='bbox 80 1204 120 1227; x_wconf 88' lang='lat' dir='ltr'><strong>cere</strong></span> <span class='ocrx_word' id='word_1_139' title='bbox 134 1193 174 1227; x_wconf 79' lang='lat'>236.</span> 
     </span>
    </p>
   </div>
   <div class='ocr_carea' id='block_1_13' title="bbox 467 1079 814 1169">
    <p class='ocr_par' dir='ltr' id='par_1_16' title="bbox 467 1079 814 1169">
     <span class='ocr_line' id='line_1_29' title="bbox 468 1079 814 1123; baseline 0 -12"><span class='ocrx_word' id='word_1_140' title='bbox 468 1079 592 1111; x_wconf 87' lang='lat' dir='ltr'><strong>demnatiooem</strong></span> <span class='ocrx_word' id='word_1_141' title='bbox 605 1079 673 1120; x_wconf 77' lang='lat' dir='ltr'><strong>cedant,</strong></span> <span class='ocrx_word' id='word_1_142' title='bbox 688 1079 773 1123; x_wconf 89' lang='lat' dir='ltr'><strong>quomodo</strong></span> <span class='ocrx_word' id='word_1_143' title='bbox 783 1090 814 1112; x_wconf 90' lang='lat' dir='ltr'><strong>ca-</strong></span> 
     </span>
     <span class='ocr_line' id='line_1_30' title="bbox 467 1135 626 1169; baseline -0.006 0"><span class='ocrx_word' id='word_1_144' title='bbox 467 1136 542 1169; x_wconf 89' lang='lat' dir='ltr'><strong>vendum</strong></span> <span class='ocrx_word' id='word_1_145' title='bbox 555 1135 584 1168; x_wconf 74' lang='lat'>82.</span> <span class='ocrx_word' id='word_1_146' title='bbox 598 1136 626 1168; x_wconf 83' lang='lat'><strong>84.</strong></span> 
     </span>
    </p>
   </div>
   <div class='ocr_carea' id='block_1_14' title="bbox 445 1193 796 1238">
    <p class='ocr_par' dir='ltr' id='par_1_17' title="bbox 445 1193 796 1238">
     <span class='ocr_line' id='line_1_31' title="bbox 445 1193 796 1238; baseline -0.003 -10"><span class='ocrx_word' id='word_1_147' title='bbox 445 1194 609 1229; x_wconf 89' lang='lat' dir='ltr'><strong>Benevolentia</strong></span> <span class='ocrx_word' id='word_1_148' title='bbox 623 1205 663 1238; x_wconf 81' lang='lat' dir='ltr'><strong>erga</strong></span> <span class='ocrx_word' id='word_1_149' title='bbox 678 1205 743 1238; x_wconf 80' lang='lat' dir='ltr'><strong>egenos</strong></span> <span class='ocrx_word' id='word_1_150' title='bbox 756 1193 796 1227; x_wconf 78' lang='lat'>339.</span> 
     </span>
    </p>
   </div>
   <div class='ocr_carea' id='block_1_15' title="bbox 56 1251 813 1355">
    <p class='ocr_par' dir='ltr' id='par_1_18' title="bbox 56 1251 813 1355">
     <span class='ocr_line' id='line_1_32' title="bbox 56 1251 749 1297; baseline -0.004 -10"><span class='ocrx_word' id='word_1_151' title='bbox 56 1251 147 1287; x_wconf 80' lang='lat' dir='ltr'><strong>Attalus</strong></span> <span class='ocrx_word' id='word_1_152' title='bbox 161 1263 170 1285; x_wconf 83' lang='lat' dir='ltr'><strong>a</strong></span> <span class='ocrx_word' id='word_1_153' title='bbox 183 1252 200 1285; x_wconf 86' lang='lat' dir='ltr'>S.</span> <span class='ocrx_word' id='word_1_154' title='bbox 214 1252 278 1297; x_wconf 83' lang='lat' dir='ltr'><strong>ignatio</strong></span> <span class='ocrx_word' id='word_1_155' title='bbox 291 1254 373 1287; x_wconf 86' lang='lat' dir='ltr'><strong>salutatur</strong></span> <span class='ocrx_word' id='word_1_156' title='bbox 386 1254 425 1287; x_wconf 74' lang='grc'>242.</span> <span class='ocrx_word' id='word_1_157' title='bbox 445 1253 556 1296; x_wconf 81' lang='lat' dir='ltr'><strong>Bilinguis</strong></span> <span class='ocrx_word' id='word_1_158' title='bbox 570 1262 621 1284; x_wconf 92' lang='lat' dir='ltr'><strong>nemo</strong></span> <span class='ocrx_word' id='word_1_159' title='bbox 634 1253 655 1284; x_wconf 91' lang='lat' dir='ltr'><strong>sit</strong></span> <span class='ocrx_word' id='word_1_160' title='bbox 668 1252 695 1285; x_wconf 88' lang='lat'><strong>46.</strong></span> <span class='ocrx_word' id='word_1_161' title='bbox 710 1252 749 1285; x_wconf 81' lang='lat'>262.</span> 
     </span>
     <span class='ocr_line' id='line_1_33' title="bbox 56 1310 813 1355; baseline -0.003 -10"><span class='ocrx_word' id='word_1_162' title='bbox 56 1311 158 1344; x_wconf 78' lang='lat' dir='ltr'><strong>Audacia</strong></span> <span class='ocrx_word' id='word_1_163' title='bbox 188 1315 206 1343; x_wconf 87' lang='lat' dir='ltr'><strong>et</strong></span> <span class='ocrx_word' id='word_1_164' title='bbox 237 1310 339 1344; x_wconf 84' lang='lat' dir='ltr'><strong>confidentia</strong></span> <span class='ocrx_word' id='word_1_165' title='bbox 372 1312 426 1345; x_wconf 87' lang='lat' dir='ltr'><strong>inanis</strong></span> <span class='ocrx_word' id='word_1_166' title='bbox 445 1311 552 1345; x_wconf 84' lang='lat' dir='ltr'><strong>Bonorum</strong></span> <span class='ocrx_word' id='word_1_167' title='bbox 569 1311 684 1353; x_wconf 82' lang='lat' dir='ltr'><strong>praesentium</strong></span> <span class='ocrx_word' id='word_1_168' title='bbox 701 1321 741 1342; x_wconf 90' lang='lat' dir='ltr'><strong>usus</strong></span> <span class='ocrx_word' id='word_1_169' title='bbox 757 1321 813 1355; x_wconf 90' lang='lat' dir='ltr'><strong>quan-</strong></span> 
     </span>
    </p>
   </div>
   <div class='ocr_carea' id='block_1_16' title="bbox 56 1368 426 1636">
    <p class='ocr_par' dir='ltr' id='par_1_19' title="bbox 80 1368 371 1414">
     <span class='ocr_line' id='line_1_34' title="bbox 80 1368 371 1414; baseline -0.003 -12"><span class='ocrx_word' id='word_1_170' title='bbox 80 1380 159 1414; x_wconf 82' lang='lat' dir='ltr'><strong>magnum</strong></span> <span class='ocrx_word' id='word_1_171' title='bbox 172 1375 199 1402; x_wconf 89' lang='lat' dir='ltr'><strong>est</strong></span> <span class='ocrx_word' id='word_1_172' title='bbox 211 1368 318 1402; x_wconf 88' lang='lat' dir='ltr'><strong>daemonium</strong></span> <span class='ocrx_word' id='word_1_173' title='bbox 331 1368 371 1402; x_wconf 79' lang='lat'>428.</span> 
     </span>
    </p>

    <p class='ocr_par' dir='ltr' id='par_1_20' title="bbox 57 1426 426 1518">
     <span class='ocr_line' id='line_1_35' title="bbox 57 1426 426 1472; baseline -0.003 -11"><span class='ocrx_word' id='word_1_174' title='bbox 57 1428 87 1461; x_wconf 79' lang='lat' dir='ltr'><strong>Au</strong></span> <span class='ocrx_word' id='word_1_175' title='bbox 95 1428 104 1460; x_wconf 94' lang='lat' dir='ltr'><strong>d</strong></span> <span class='ocrx_word' id='word_1_176' title='bbox 111 1428 152 1461; x_wconf 86' lang='lat' dir='ltr'><strong>ire.</strong></span> <span class='ocrx_word' id='word_1_177' title='bbox 173 1426 198 1460; x_wconf 74' lang='lat' dir='ltr'><strong>tte</strong></span> <span class='ocrx_word' id='word_1_178' title='bbox 207 1427 265 1460; x_wconf 79' lang='lat' dir='ltr'><strong>audias</strong></span> <span class='ocrx_word' id='word_1_179' title='bbox 274 1426 319 1460; x_wconf 89' lang='lat' dir='ltr'><strong>male</strong></span> <span class='ocrx_word' id='word_1_180' title='bbox 327 1427 426 1472; x_wconf 86' lang='lat' dir='ltr'><strong>loquentem</strong></span> 
     </span>
     <span class='ocr_line' id='line_1_36' title="bbox 80 1484 121 1518; baseline -0.024 0"><span class='ocrx_word' id='word_1_181' title='bbox 80 1484 121 1518; x_wconf 80' lang='lat'>347.</span> 
     </span>
    </p>

    <p class='ocr_par' dir='ltr' id='par_1_21' title="bbox 56 1542 425 1636">
     <span class='ocr_line' id='line_1_37' title="bbox 56 1542 425 1586; baseline -0.003 -8"><span class='ocrx_word' id='word_1_182' title='bbox 56 1544 160 1578; x_wconf 84' lang='lat' dir='ltr'><strong>Avaritia</strong></span> <span class='ocrx_word' id='word_1_183' title='bbox 181 1542 282 1586; x_wconf 88' lang='lat' dir='ltr'><strong>principium</strong></span> <span class='ocrx_word' id='word_1_184' title='bbox 304 1548 329 1577; x_wconf 90' lang='lat' dir='ltr'><strong>est</strong></span> <span class='ocrx_word' id='word_1_185' title='bbox 352 1544 425 1577; x_wconf 88' lang='lat' dir='ltr'><strong>omnium</strong></span> 
     </span>
     <span class='ocr_line' id='line_1_38' title="bbox 80 1601 268 1636; baseline -0.005 -1"><span class='ocrx_word' id='word_1_186' title='bbox 80 1601 162 1636; x_wconf 86' lang='lat' dir='ltr'><strong>malorum</strong></span> <span class='ocrx_word' id='word_1_187' title='bbox 174 1601 215 1636; x_wconf 78' lang='lat'>260.</span> <span class='ocrx_word' id='word_1_188' title='bbox 228 1601 268 1634; x_wconf 83' lang='lat'>269.</span> 
     </span>
    </p>
   </div>
   <div class='ocr_carea' id='block_1_17' title="bbox 467 1368 815 1461">
    <p class='ocr_par' dir='ltr' id='par_1_22' title="bbox 467 1368 815 1461">
     <span class='ocr_line' id='line_1_39' title="bbox 468 1368 815 1414; baseline 0 -12"><span class='ocrx_word' id='word_1_189' title='bbox 468 1375 503 1402; x_wconf 90' lang='lat' dir='ltr'><strong>tum</strong></span> <span class='ocrx_word' id='word_1_190' title='bbox 512 1368 575 1402; x_wconf 80' lang='lat' dir='ltr'><strong>haheat</strong></span> <span class='ocrx_word' id='word_1_191' title='bbox 584 1370 669 1410; x_wconf 69' lang='lat' dir='ltr'><strong>tormenti,</strong></span> <span class='ocrx_word' id='word_1_192' title='bbox 677 1368 753 1414; x_wconf 88' lang='lat' dir='ltr'><strong>plerique</strong></span> <span class='ocrx_word' id='word_1_193' title='bbox 763 1370 815 1413; x_wconf 86' lang='lat' dir='ltr'><strong>igno-</strong></span> 
     </span>
     <span class='ocr_line' id='line_1_40' title="bbox 467 1426 556 1461; baseline -0.022 0"><span class='ocrx_word' id='word_1_194' title='bbox 467 1434 505 1461; x_wconf 88' lang='lat' dir='ltr'><strong>rant</strong></span> <span class='ocrx_word' id='word_1_195' title='bbox 517 1426 556 1460; x_wconf 86' lang='grc'>146.</span> 
     </span>
    </p>
   </div>
   <div class='ocr_carea' id='block_1_18' title="bbox 446 1483 815 1528">
    <p class='ocr_par' dir='ltr' id='par_1_23' title="bbox 446 1483 815 1528">
     <span class='ocr_line' id='line_1_41' title="bbox 446 1483 815 1528; baseline -0.005 -8"><span class='ocrx_word' id='word_1_196' title='bbox 446 1486 549 1526; x_wconf 82' lang='lat' dir='ltr'><strong>Bur-rhus,</strong></span> <span class='ocrx_word' id='word_1_197' title='bbox 559 1483 644 1518; x_wconf 89' lang='lat' dir='ltr'><strong>Diaconus</strong></span> <span class='ocrx_word' id='word_1_198' title='bbox 650 1483 765 1528; x_wconf 87' lang='lat' dir='ltr'><strong>Ephesiorum</strong></span> <span class='ocrx_word' id='word_1_199' title='bbox 775 1484 815 1518; x_wconf 79' lang='lat'>150.</span> 
     </span>
    </p>
   </div>
   <div class='ocr_carea' id='block_1_19' title="bbox 468 1531 560 1577">
    <p class='ocr_par' dir='ltr' id='par_1_24' title="bbox 468 1531 560 1577">
     <span class='ocr_line' id='line_1_42' title="bbox 468 1531 560 1577; baseline -0.022 0"><span class='ocrx_word' id='word_1_200' title='bbox 468 1544 508 1577; x_wconf 80' lang='lat'>220.</span> <span class='ocrx_word' id='word_1_201' title='bbox 520 1531 560 1576; x_wconf 77' lang='lat'>232.</span> 
     </span>
    </p>
   </div>
   <div class='ocr_carea' id='block_1_20' title="bbox 615 1648 642 1683">
    <p class='ocr_par' dir='ltr' id='par_1_25' title="bbox 615 1648 642 1683">
     <span class='ocr_line' id='line_1_43' title="bbox 615 1648 642 1683; baseline 0.037 -1"><span class='ocrx_word' id='word_1_202' title='bbox 615 1648 642 1683; x_wconf 80' lang='lat'><strong>0.</strong></span> 
     </span>
    </p>
   </div>
   <div class='ocr_carea' id='block_1_21' title="bbox 57 1710 814 1997">
    <p class='ocr_par' dir='ltr' id='par_1_26' title="bbox 57 1710 814 1997">
     <span class='ocr_line' id='line_1_44' title="bbox 226 1710 790 1761; baseline -0.007 -7"><span class='ocrx_word' id='word_1_203' title='bbox 226 1710 256 1742; x_wconf 72' lang='grc' dir='ltr'><strong>Β·</strong></span> <span class='ocrx_word' id='word_1_204' title='bbox 444 1719 470 1753; x_wconf 87' lang='lat' dir='ltr'><strong>Ca</strong></span> <span class='ocrx_word' id='word_1_205' title='bbox 474 1718 521 1761; x_wconf 85' lang='lat' dir='ltr'><strong>jus,</strong></span> <span class='ocrx_word' id='word_1_206' title='bbox 535 1717 552 1750; x_wconf 88' lang='lat' dir='ltr'><strong>S.</strong></span> <span class='ocrx_word' id='word_1_207' title='bbox 566 1716 631 1751; x_wconf 87' lang='lat' dir='ltr'><strong>irenaei</strong></span> <span class='ocrx_word' id='word_1_208' title='bbox 645 1716 738 1760; x_wconf 86' lang='lat' dir='ltr'><strong>discipulus</strong></span> <span class='ocrx_word' id='word_1_209' title='bbox 750 1715 790 1750; x_wconf 77' lang='lat'>294.</span> 
     </span>
     <span class='ocr_line' id='line_1_45' title="bbox 57 1773 814 1822; baseline -0.007 -11"><span class='ocrx_word' id='word_1_210' title='bbox 57 1777 186 1822; x_wconf 87' lang='lat' dir='ltr'><strong>Baptismus</strong></span> <span class='ocrx_word' id='word_1_211' title='bbox 198 1776 270 1822; x_wconf 80' lang='lat' dir='ltr'><strong>sigillum</strong></span> <span class='ocrx_word' id='word_1_212' title='bbox 282 1777 377 1822; x_wconf 89' lang='lat' dir='ltr'><strong>appellatur</strong></span> <span class='ocrx_word' id='word_1_213' title='bbox 387 1777 425 1813; x_wconf 89' lang='grc'>144.</span> <span class='ocrx_word' id='word_1_214' title='bbox 445 1776 579 1820; x_wconf 87' lang='lat' dir='ltr'><strong>Captivitas.</strong></span> <span class='ocrx_word' id='word_1_215' title='bbox 602 1774 650 1807; x_wconf 89' lang='lat' dir='ltr'><strong>lllulti</strong></span> <span class='ocrx_word' id='word_1_216' title='bbox 663 1785 672 1806; x_wconf 90' lang='lat' dir='ltr'><strong>e</strong></span> <span class='ocrx_word' id='word_1_217' title='bbox 686 1773 784 1807; x_wconf 85' lang='lat' dir='ltr'><strong>Christianis</strong></span> <span class='ocrx_word' id='word_1_218' title='bbox 798 1774 814 1806; x_wconf 89' lang='lat' dir='ltr'><strong>in</strong></span> 
     </span>
     <span class='ocr_line' id='line_1_46' title="bbox 79 1831 814 1880; baseline -0.007 -11"><span class='ocrx_word' id='word_1_219' title='bbox 79 1836 120 1870; x_wconf 74' lang='lat'>405.</span> <span class='ocrx_word' id='word_1_220' title='bbox 129 1835 168 1869; x_wconf 84' lang='grc'>424,</span> <span class='ocrx_word' id='word_1_221' title='bbox 178 1836 218 1868; x_wconf 78' lang='lat'>425.</span> <span class='ocrx_word' id='word_1_222' title='bbox 239 1835 319 1880; x_wconf 90' lang='lat' dir='ltr'><strong>Baptismi</strong></span> <span class='ocrx_word' id='word_1_223' title='bbox 332 1837 425 1870; x_wconf 81' lang='lat' dir='ltr'><strong>necessitas</strong></span> <span class='ocrx_word' id='word_1_224' title='bbox 467 1835 536 1869; x_wconf 83' lang='lat' dir='ltr'><strong>vincula</strong></span> <span class='ocrx_word' id='word_1_225' title='bbox 554 1845 573 1867; x_wconf 93' lang='lat' dir='ltr'><strong>se</strong></span> <span class='ocrx_word' id='word_1_226' title='bbox 593 1832 715 1875; x_wconf 82' lang='lat' dir='ltr'><strong>conjecerunt,</strong></span> <span class='ocrx_word' id='word_1_227' title='bbox 736 1838 754 1864; x_wconf 91' lang='lat' dir='ltr'><strong>ut</strong></span> <span class='ocrx_word' id='word_1_228' title='bbox 773 1831 814 1865; x_wconf 85' lang='lat' dir='ltr'><strong>alios</strong></span> 
     </span>
     <span class='ocr_line' id='line_1_47' title="bbox 80 1891 625 1938; baseline -0.006 -12"><span class='ocrx_word' id='word_1_229' title='bbox 80 1893 101 1927; x_wconf 86' lang='lat' dir='ltr'><strong>ad</strong></span> <span class='ocrx_word' id='word_1_230' title='bbox 114 1893 185 1926; x_wconf 88' lang='lat' dir='ltr'><strong>salutem</strong></span> <span class='ocrx_word' id='word_1_231' title='bbox 200 1894 240 1926; x_wconf 79' lang='lat'>424.</span> <span class='ocrx_word' id='word_1_232' title='bbox 266 1894 361 1938; x_wconf 89' lang='lat' dir='ltr'><strong>Baptismus</strong></span> <span class='ocrx_word' id='word_1_233' title='bbox 378 1895 426 1928; x_wconf 82' lang='lat' dir='ltr'><strong>aliert</strong></span> <span class='ocrx_word' id='word_1_234' title='bbox 467 1894 572 1927; x_wconf 85' lang='lat' dir='ltr'><strong>redimerent</strong></span> <span class='ocrx_word' id='word_1_235' title='bbox 587 1891 625 1924; x_wconf 79' lang='lat'>126.</span> 
     </span>
     <span class='ocr_line' id='line_1_48' title="bbox 80 1948 657 1997; baseline -0.002 -11"><span class='ocrx_word' id='word_1_236' title='bbox 80 1958 190 1997; x_wconf 83' lang='lat' dir='ltr'><strong>peccatorum</strong></span> <span class='ocrx_word' id='word_1_237' title='bbox 210 1953 328 1986; x_wconf 87' lang='lat' dir='ltr'><strong>remissionem</strong></span> <span class='ocrx_word' id='word_1_238' title='bbox 348 1953 370 1986; x_wconf 79' lang='lat'><strong>26</strong></span> <span class='ocrx_word' id='word_1_239' title='bbox 388 1964 425 1997; x_wconf 88' lang='lat' dir='ltr'><strong>sqq.</strong></span> <span class='ocrx_word' id='word_1_240' title='bbox 445 1952 532 1987; x_wconf 85' lang='lat' dir='ltr'><strong>Caritas</strong></span> <span class='ocrx_word' id='word_1_241' title='bbox 545 1961 561 1984; x_wconf 90' lang='lat' dir='ltr'>v.</span> <span class='ocrx_word' id='word_1_242' title='bbox 575 1948 657 1985; x_wconf 89' lang='lat' dir='ltr'><strong>Charitas.</strong></span> 
     </span>
    </p>
   </div>
   <div class='ocr_carea' id='block_1_22' title="bbox 81 2007 874 2055">
    <p class='ocr_par' dir='ltr' id='par_1_27' title="bbox 81 2007 874 2055">
     <span class='ocr_line' id='line_1_49' title="bbox 81 2007 874 2055; baseline -0.003 -11"><span class='ocrx_word' id='word_1_243' title='bbox 81 2010 125 2053; x_wconf 78' lang='lat'><strong>351;</strong></span> <span class='ocrx_word' id='word_1_244' title='bbox 146 2017 172 2045; x_wconf 90' lang='lat' dir='ltr'><strong>est</strong></span> <span class='ocrx_word' id='word_1_245' title='bbox 190 2011 263 2055; x_wconf 81' lang='lat' dir='ltr'><strong>flumen,</strong></span> <span class='ocrx_word' id='word_1_246' title='bbox 282 2011 326 2044; x_wconf 89' lang='lat' dir='ltr'><strong>unde</strong></span> <span class='ocrx_word' id='word_1_247' title='bbox 344 2010 426 2055; x_wconf 86' lang='lat' dir='ltr'><strong>pullulant</strong></span> <span class='ocrx_word' id='word_1_248' title='bbox 445 2011 584 2045; x_wconf 73' lang='lat' dir='ltr'><strong>Caro&#39;nostra</strong></span> <span class='ocrx_word' id='word_1_249' title='bbox 608 2008 656 2041; x_wconf 86' lang='lat' dir='ltr'><strong>velut</strong></span> <span class='ocrx_word' id='word_1_250' title='bbox 679 2007 761 2052; x_wconf 85' lang='lat' dir='ltr'><strong>tempium</strong></span> <span class='ocrx_word' id='word_1_251' title='bbox 782 2007 815 2041; x_wconf 88' lang='lat' dir='ltr'><strong>Dei</strong></span> <span class='ocrx_word' id='word_1_252' title='bbox 872 2039 874 2042; x_wconf 90' lang='lat'>.</span> 
     </span>
    </p>
   </div>
   <div class='ocr_carea' id='block_1_23' title="bbox 80 2066 816 2173">
    <p class='ocr_par' dir='ltr' id='par_1_28' title="bbox 80 2066 816 2173">
     <span class='ocr_line' id='line_1_50' title="bbox 81 2066 738 2114; baseline -0.006 -12"><span class='ocrx_word' id='word_1_253' title='bbox 81 2070 151 2104; x_wconf 88' lang='lat' dir='ltr'><strong>arbores</strong></span> <span class='ocrx_word' id='word_1_254' title='bbox 168 2071 266 2114; x_wconf 60' lang='lat' dir='ltr'><strong>speciosae,</strong></span> <span class='ocrx_word' id='word_1_255' title='bbox 284 2070 294 2103; x_wconf 88' lang='lat' dir='ltr'><strong>i.</strong></span> <span class='ocrx_word' id='word_1_256' title='bbox 308 2079 323 2101; x_wconf 92' lang='lat' dir='ltr'><strong>e.</strong></span> <span class='ocrx_word' id='word_1_257' title='bbox 338 2067 427 2102; x_wconf 86' lang='lat' dir='ltr'><strong>Christiani</strong></span> <span class='ocrx_word' id='word_1_258' title='bbox 468 2068 578 2103; x_wconf 81' lang='lat' dir='ltr'><strong>custodienda</strong></span> <span class='ocrx_word' id='word_1_259' title='bbox 593 2066 631 2099; x_wconf 87' lang='grc'>144.</span> <span class='ocrx_word' id='word_1_260' title='bbox 644 2066 684 2099; x_wconf 82' lang='lat'>216.</span> <span class='ocrx_word' id='word_1_261' title='bbox 699 2066 738 2099; x_wconf 75' lang='lat'>340.</span> 
     </span>
     <span class='ocr_line' id='line_1_51' title="bbox 80 2123 816 2173; baseline -0.005 -12"><span class='ocrx_word' id='word_1_262' title='bbox 80 2127 109 2161; x_wconf 85' lang='lat'>28.</span> <span class='ocrx_word' id='word_1_263' title='bbox 128 2126 157 2161; x_wconf 85' lang='lat'>30.</span> <span class='ocrx_word' id='word_1_264' title='bbox 186 2126 205 2160; x_wconf 94' lang='lat' dir='ltr'><strong>In</strong></span> <span class='ocrx_word' id='word_1_265' title='bbox 225 2137 285 2171; x_wconf 84' lang='lat' dir='ltr'><strong>aquam</strong></span> <span class='ocrx_word' id='word_1_266' title='bbox 303 2127 426 2173; x_wconf 58' lang='lat' dir='ltr'><strong>,descendimus</strong></span> <span class='ocrx_word' id='word_1_267' title='bbox 445 2129 546 2162; x_wconf 81' lang='lat' dir='ltr'><strong>Castitas</strong></span> <span class='ocrx_word' id='word_1_268' title='bbox 560 2123 672 2160; x_wconf 83' lang='lat' dir='ltr'><strong>custodienda</strong></span> <span class='ocrx_word' id='word_1_269' title='bbox 682 2125 726 2164; x_wconf 76' lang='lat'>3493</span> <span class='ocrx_word' id='word_1_270' title='bbox 740 2125 768 2157; x_wconf 90' lang='lat' dir='ltr'><strong>ubi</strong></span> <span class='ocrx_word' id='word_1_271' title='bbox 777 2135 816 2158; x_wconf 88' lang='lat' dir='ltr'><strong>ma-</strong></span> 
     </span>
    </p>
   </div>
   <div class='ocr_carea' id='block_1_24' title="bbox 59 2185 428 2688">
    <p class='ocr_par' dir='ltr' id='par_1_29' title="bbox 80 2185 428 2582">
     <span class='ocr_line' id='line_1_52' title="bbox 80 2185 426 2230; baseline 0 -12"><span class='ocrx_word' id='word_1_272' title='bbox 80 2185 127 2230; x_wconf 90' lang='lat' dir='ltr'><strong>pleni</strong></span> <span class='ocrx_word' id='word_1_273' title='bbox 145 2187 221 2229; x_wconf 84' lang='lat' dir='ltr'><strong>peccatis</strong></span> <span class='ocrx_word' id='word_1_274' title='bbox 240 2191 257 2218; x_wconf 92' lang='lat' dir='ltr'><strong>et</strong></span> <span class='ocrx_word' id='word_1_275' title='bbox 275 2185 365 2226; x_wconf 79' lang='lat' dir='ltr'><strong>sordibus3</strong></span> <span class='ocrx_word' id='word_1_276' title='bbox 386 2186 426 2218; x_wconf 84' lang='lat' dir='ltr'><strong>inde</strong></span> 
     </span>
     <span class='ocr_line' id='line_1_53' title="bbox 82 2242 426 2288; baseline 0 -11"><span class='ocrx_word' id='word_1_277' title='bbox 82 2250 138 2278; x_wconf 87' lang='lat' dir='ltr'><strong>autem</strong></span> <span class='ocrx_word' id='word_1_278' title='bbox 148 2244 250 2288; x_wconf 85' lang='lat' dir='ltr'><strong>emergimur</strong></span> <span class='ocrx_word' id='word_1_279' title='bbox 257 2243 329 2277; x_wconf 88' lang='lat' dir='ltr'><strong>lructum</strong></span> <span class='ocrx_word' id='word_1_280' title='bbox 336 2242 426 2277; x_wconf 80' lang='lat' dir='ltr'><strong>afferentes</strong></span> 
     </span>
     <span class='ocr_line' id='line_1_54' title="bbox 82 2301 427 2348; baseline -0.006 -11"><span class='ocrx_word' id='word_1_281' title='bbox 82 2303 110 2337; x_wconf 84' lang='lat'>30.</span> <span class='ocrx_word' id='word_1_282' title='bbox 129 2302 220 2348; x_wconf 83' lang='lat' dir='ltr'><strong>inaquam</strong></span> <span class='ocrx_word' id='word_1_283' title='bbox 234 2301 353 2335; x_wconf 88' lang='lat' dir='ltr'><strong>descendimus</strong></span> <span class='ocrx_word' id='word_1_284' title='bbox 366 2307 383 2335; x_wconf 88' lang='lat' dir='ltr'><strong>et</strong></span> <span class='ocrx_word' id='word_1_285' title='bbox 396 2313 427 2336; x_wconf 92' lang='lat' dir='ltr'><strong>ac-</strong></span> 
     </span>
     <span class='ocr_line' id='line_1_55' title="bbox 82 2360 427 2407; baseline -0.009 -11"><span class='ocrx_word' id='word_1_286' title='bbox 82 2362 153 2407; x_wconf 80' lang='lat' dir='ltr'><strong>cipimus</strong></span> <span class='ocrx_word' id='word_1_287' title='bbox 176 2360 294 2395; x_wconf 86' lang='lat' dir='ltr'><strong>remissionem</strong></span> <span class='ocrx_word' id='word_1_288' title='bbox 318 2365 427 2404; x_wconf 85' lang='lat' dir='ltr'><strong>peccatorum</strong></span> 
     </span>
     <span class='ocr_line' id='line_1_56' title="bbox 82 2412 427 2464; baseline -0.009 -9"><span class='ocrx_word' id='word_1_289' title='bbox 82 2421 122 2455; x_wconf 82' lang='lat'>351.</span> <span class='ocrx_word' id='word_1_290' title='bbox 143 2420 181 2454; x_wconf 86' lang='lat' dir='ltr'><strong>Vita</strong></span> <span class='ocrx_word' id='word_1_291' title='bbox 194 2412 251 2453; x_wconf 86' lang='lat' dir='ltr'><strong>nostra</strong></span> <span class='ocrx_word' id='word_1_292' title='bbox 264 2430 295 2464; x_wconf 91' lang='lat' dir='ltr'><strong>per</strong></span> <span class='ocrx_word' id='word_1_293' title='bbox 307 2429 368 2464; x_wconf 90' lang='lat' dir='ltr'><strong>aquam</strong></span> <span class='ocrx_word' id='word_1_294' title='bbox 381 2420 427 2453; x_wconf 91' lang='lat' dir='ltr'><strong>salva</strong></span> 
     </span>
     <span class='ocr_line' id='line_1_57' title="bbox 83 2477 428 2512; baseline -0.006 0"><span class='ocrx_word' id='word_1_295' title='bbox 83 2484 109 2512; x_wconf 89' lang='lat' dir='ltr'><strong>est</strong></span> <span class='ocrx_word' id='word_1_296' title='bbox 120 2479 166 2512; x_wconf 85' lang='lat' dir='ltr'><strong>facta</strong></span> <span class='ocrx_word' id='word_1_297' title='bbox 180 2477 218 2511; x_wconf 78' lang='lat'>333.</span> <span class='ocrx_word' id='word_1_298' title='bbox 238 2477 345 2512; x_wconf 82' lang='lat' dir='ltr'><strong>Patriarchae</strong></span> <span class='ocrx_word' id='word_1_299' title='bbox 354 2478 428 2511; x_wconf 82' lang='lat' dir='ltr'><strong>defuncti</strong></span> 
     </span>
     <span class='ocr_line' id='line_1_58' title="bbox 81 2536 321 2582; baseline -0.004 -11"><span class='ocrx_word' id='word_1_300' title='bbox 81 2537 189 2582; x_wconf 87' lang='lat' dir='ltr'><strong>baptizantur</strong></span> <span class='ocrx_word' id='word_1_301' title='bbox 201 2536 241 2570; x_wconf 80' lang='lat'>424.</span> <span class='ocrx_word' id='word_1_302' title='bbox 255 2542 290 2570; x_wconf 86' lang='lat' dir='ltr'><strong>not.</strong></span> <span class='ocrx_word' id='word_1_303' title='bbox 305 2538 321 2570; x_wconf 87' lang='lat'>6.</span> 
     </span>
    </p>

    <p class='ocr_par' dir='ltr' id='par_1_30' title="bbox 59 2594 428 2688">
     <span class='ocr_line' id='line_1_59' title="bbox 59 2594 428 2639; baseline 0.003 -12"><span class='ocrx_word' id='word_1_304' title='bbox 59 2594 151 2638; x_wconf 88' lang='lat' dir='ltr'><strong>Bassus,</strong></span> <span class='ocrx_word' id='word_1_305' title='bbox 163 2594 255 2639; x_wconf 81' lang='lat' dir='ltr'><strong>presbyter</strong></span> <span class='ocrx_word' id='word_1_306' title='bbox 263 2595 347 2629; x_wconf 88' lang='lat' dir='ltr'><strong>ecclesiae</strong></span> <span class='ocrx_word' id='word_1_307' title='bbox 356 2595 428 2639; x_wconf 80' lang='lat' dir='ltr'><strong>blegne-</strong></span> 
     </span>
     <span class='ocr_line' id='line_1_60' title="bbox 82 2653 199 2688; baseline -0.009 -1"><span class='ocrx_word' id='word_1_308' title='bbox 82 2655 146 2688; x_wconf 89' lang='lat' dir='ltr'><strong>siorum</strong></span> <span class='ocrx_word' id='word_1_309' title='bbox 159 2653 199 2688; x_wconf 75' lang='lat'>172.</span> 
     </span>
    </p>
   </div>
   <div class='ocr_carea' id='block_1_25' title="bbox 468 2182 817 2695">
    <p class='ocr_par' dir='ltr' id='par_1_31' title="bbox 468 2182 817 2695">
     <span class='ocr_line' id='line_1_61' title="bbox 468 2182 817 2228; baseline -0.017 -7"><span class='ocrx_word' id='word_1_310' title='bbox 468 2193 497 2221; x_wconf 87' lang='lat' dir='ltr'><strong>net</strong></span> <span class='ocrx_word' id='word_1_311' title='bbox 509 2188 526 2219; x_wconf 92' lang='lat' dir='ltr'><strong>in</strong></span> <span class='ocrx_word' id='word_1_312' title='bbox 540 2195 613 2228; x_wconf 84' lang='lat' dir='ltr'><strong>corpore</strong></span> <span class='ocrx_word' id='word_1_313' title='bbox 627 2183 699 2216; x_wconf 88' lang='lat' dir='ltr'><strong>hominis</strong></span> <span class='ocrx_word' id='word_1_314' title='bbox 709 2182 757 2226; x_wconf 70' lang='lat' dir='ltr'><strong>justi,</strong></span> <span class='ocrx_word' id='word_1_315' title='bbox 771 2194 817 2216; x_wconf 90' lang='lat' dir='ltr'><strong>nuu-</strong></span> 
     </span>
     <span class='ocr_line' id='line_1_62' title="bbox 469 2241 816 2291; baseline -0.009 -15"><span class='ocrx_word' id='word_1_316' title='bbox 469 2256 518 2291; x_wconf 86' lang='lat' dir='ltr'><strong>quam</strong></span> <span class='ocrx_word' id='word_1_317' title='bbox 531 2244 555 2278; x_wconf 88' lang='lat' dir='ltr'><strong>ibi</strong></span> <span class='ocrx_word' id='word_1_318' title='bbox 568 2242 664 2277; x_wconf 87' lang='lat' dir='ltr'><strong>ascendere</strong></span> <span class='ocrx_word' id='word_1_319' title='bbox 675 2242 727 2276; x_wconf 88' lang='lat' dir='ltr'><strong>dehet</strong></span> <span class='ocrx_word' id='word_1_320' title='bbox 736 2241 816 2286; x_wconf 81' lang='lat' dir='ltr'><strong>cogitatio</strong></span> 
     </span>
     <span class='ocr_line' id='line_1_63' title="bbox 469 2300 816 2349; baseline -0.023 -11"><span class='ocrx_word' id='word_1_321' title='bbox 469 2306 534 2349; x_wconf 87' lang='lat' dir='ltr'><strong>impura</strong></span> <span class='ocrx_word' id='word_1_322' title='bbox 547 2305 589 2340; x_wconf 81' lang='lat' dir='ltr'><strong>ibid.</strong></span> <span class='ocrx_word' id='word_1_323' title='bbox 614 2300 689 2335; x_wconf 76' lang='lat' dir='ltr'><strong>iuvenes</strong></span> <span class='ocrx_word' id='word_1_324' title='bbox 705 2305 744 2333; x_wconf 84' lang='lat' dir='ltr'><strong>ante</strong></span> <span class='ocrx_word' id='word_1_325' title='bbox 760 2300 816 2331; x_wconf 82' lang='lat' dir='ltr'><strong>omnia</strong></span> 
     </span>
     <span class='ocr_line' id='line_1_64' title="bbox 469 2357 816 2397; baseline -0.023 -1"><span class='ocrx_word' id='word_1_326' title='bbox 469 2362 537 2397; x_wconf 83' lang='lat' dir='ltr'><strong>solliciti</strong></span> <span class='ocrx_word' id='word_1_327' title='bbox 552 2364 585 2395; x_wconf 89' lang='lat' dir='ltr'><strong>sint</strong></span> <span class='ocrx_word' id='word_1_328' title='bbox 601 2361 622 2394; x_wconf 89' lang='lat' dir='ltr'><strong>de</strong></span> <span class='ocrx_word' id='word_1_329' title='bbox 640 2359 717 2391; x_wconf 82' lang='lat' dir='ltr'><strong>castitate</strong></span> <span class='ocrx_word' id='word_1_330' title='bbox 733 2358 773 2390; x_wconf 80' lang='lat'>262.</span> <span class='ocrx_word' id='word_1_331' title='bbox 799 2357 816 2389; x_wconf 91' lang='lat' dir='ltr'><strong>Si</strong></span> 
     </span>
     <span class='ocr_line' id='line_1_65' title="bbox 470 2416 816 2467; baseline -0.026 -12"><span class='ocrx_word' id='word_1_332' title='bbox 470 2424 507 2467; x_wconf 89' lang='lat' dir='ltr'><strong>quis</strong></span> <span class='ocrx_word' id='word_1_333' title='bbox 520 2426 577 2465; x_wconf 87' lang='lat' dir='ltr'><strong>potest</strong></span> <span class='ocrx_word' id='word_1_334' title='bbox 590 2421 606 2451; x_wconf 89' lang='lat' dir='ltr'><strong>in</strong></span> <span class='ocrx_word' id='word_1_335' title='bbox 620 2419 698 2450; x_wconf 84' lang='lat' dir='ltr'><strong>castitate</strong></span> <span class='ocrx_word' id='word_1_336' title='bbox 710 2426 785 2456; x_wconf 76' lang='lat' dir='ltr'><strong>manere,</strong></span> <span class='ocrx_word' id='word_1_337' title='bbox 799 2416 816 2447; x_wconf 94' lang='lat' dir='ltr'><strong>in</strong></span> 
     </span>
     <span class='ocr_line' id='line_1_66' title="bbox 469 2473 814 2517; baseline -0.023 -4"><span class='ocrx_word' id='word_1_338' title='bbox 469 2481 563 2513; x_wconf 89' lang='lat' dir='ltr'><strong>humilitate</strong></span> <span class='ocrx_word' id='word_1_339' title='bbox 587 2479 666 2515; x_wconf 82' lang='lat' dir='ltr'><strong>maneat3</strong></span> <span class='ocrx_word' id='word_1_340' title='bbox 691 2475 706 2506; x_wconf 93' lang='lat' dir='ltr'><strong>si</strong></span> <span class='ocrx_word' id='word_1_341' title='bbox 726 2473 814 2517; x_wconf 73' lang='lat' dir='ltr'><strong>glorietur,</strong></span> 
     </span>
     <span class='ocr_line' id='line_1_67' title="bbox 469 2529 815 2583; baseline -0.023 -11"><span class='ocrx_word' id='word_1_342' title='bbox 469 2539 518 2583; x_wconf 87' lang='lat' dir='ltr'><strong>periit</strong></span> <span class='ocrx_word' id='word_1_343' title='bbox 531 2535 571 2569; x_wconf 79' lang='lat'>238.</span> <span class='ocrx_word' id='word_1_344' title='bbox 583 2534 623 2567; x_wconf 84' lang='lat'>240.</span> <span class='ocrx_word' id='word_1_345' title='bbox 632 2532 670 2567; x_wconf 86' lang='grc'>104.</span> <span class='ocrx_word' id='word_1_346' title='bbox 681 2531 720 2566; x_wconf 80' lang='lat'>406.</span> <span class='ocrx_word' id='word_1_347' title='bbox 743 2529 815 2565; x_wconf 85' lang='lat' dir='ltr'><strong>Carnem</strong></span> 
     </span>
     <span class='ocr_line' id='line_1_68' title="bbox 470 2588 814 2629; baseline -0.023 0"><span class='ocrx_word' id='word_1_348' title='bbox 470 2600 532 2629; x_wconf 86' lang='lat' dir='ltr'><strong>castam</strong></span> <span class='ocrx_word' id='word_1_349' title='bbox 541 2604 627 2627; x_wconf 86' lang='lat' dir='ltr'><strong>servemus</strong></span> <span class='ocrx_word' id='word_1_350' title='bbox 636 2591 664 2625; x_wconf 91' lang='lat'><strong>46.</strong></span> <span class='ocrx_word' id='word_1_351' title='bbox 676 2591 714 2624; x_wconf 77' lang='lat'>142.</span> <span class='ocrx_word' id='word_1_352' title='bbox 725 2590 764 2623; x_wconf 85' lang='lat'>144.</span> <span class='ocrx_word' id='word_1_353' title='bbox 774 2588 814 2622; x_wconf 74' lang='lat' dir='ltr'><strong>ate.</strong></span> 
     </span>
     <span class='ocr_line' id='line_1_69' title="bbox 469 2649 774 2695; baseline -0.02 -8"><span class='ocrx_word' id='word_1_354' title='bbox 469 2653 508 2687; x_wconf 76' lang='lat'>352.</span> <span class='ocrx_word' id='word_1_355' title='bbox 522 2650 615 2685; x_wconf 68' lang='grc'>3911425,</span> <span class='ocrx_word' id='word_1_356' title='bbox 640 2649 683 2683; x_wconf 88' lang='lat' dir='ltr'><strong>Vide</strong></span> <span class='ocrx_word' id='word_1_357' title='bbox 697 2652 774 2695; x_wconf 77' lang='lat' dir='ltr'><strong>Corpus.</strong></span> 
     </span>
    </p>
   </div>
   <div class='ocr_carea' id='block_1_26' title="bbox 59 2706 815 2758">
    <p class='ocr_par' dir='ltr' id='par_1_32' title="bbox 59 2706 815 2758">
     <span class='ocr_line' id='line_1_70' title="bbox 59 2706 815 2758; baseline -0.005 -14"><span class='ocrx_word' id='word_1_358' title='bbox 59 2710 123 2746; x_wconf 86' lang='lat' dir='ltr'><strong>Beati</strong></span> <span class='ocrx_word' id='word_1_359' title='bbox 136 2723 145 2746; x_wconf 90' lang='lat' dir='ltr'><strong>a</strong></span> <span class='ocrx_word' id='word_1_360' title='bbox 158 2711 204 2746; x_wconf 90' lang='lat' dir='ltr'><strong>Deo</strong></span> <span class='ocrx_word' id='word_1_361' title='bbox 218 2711 275 2746; x_wconf 83' lang='lat' dir='ltr'><strong>effecti</strong></span> <span class='ocrx_word' id='word_1_362' title='bbox 287 2717 335 2756; x_wconf 84' lang='lat' dir='ltr'><strong>sunt,</strong></span> <span class='ocrx_word' id='word_1_363' title='bbox 349 2712 377 2758; x_wconf 88' lang='lat' dir='ltr'><strong>qui</strong></span> <span class='ocrx_word' id='word_1_364' title='bbox 390 2717 427 2746; x_wconf 88' lang='lat' dir='ltr'><strong>tor·</strong></span> <span class='ocrx_word' id='word_1_365' title='bbox 446 2711 564 2747; x_wconf 81' lang='lat' dir='ltr'><strong>Catholioa</strong></span> <span class='ocrx_word' id='word_1_366' title='bbox 576 2709 650 2743; x_wconf 89' lang='lat' dir='ltr'><strong>ecclesia</strong></span> <span class='ocrx_word' id='word_1_367' title='bbox 660 2714 691 2751; x_wconf 67' lang='lat' dir='ltr'><strong>est,</strong></span> <span class='ocrx_word' id='word_1_368' title='bbox 700 2708 730 2741; x_wconf 92' lang='lat' dir='ltr'><strong>ubi</strong></span> <span class='ocrx_word' id='word_1_369' title='bbox 739 2706 815 2742; x_wconf 86' lang='lat' dir='ltr'><strong>Christus</strong></span> 
     </span>
    </p>
   </div>
   <div class='ocr_carea' id='block_1_27' title="bbox 94 2782 257 2816">
    <p class='ocr_par' dir='ltr' id='par_1_33' title="bbox 94 2782 257 2816">
     <span class='ocr_line' id='line_1_71' title="bbox 94 2782 257 2816; baseline -0.006 -7"><span class='ocrx_word' id='word_1_370' title='bbox 94 2783 137 2809; x_wconf 78' lang='lat' dir='ltr'><strong>Patres</strong></span> <span class='ocrx_word' id='word_1_371' title='bbox 146 2787 188 2816; x_wconf 81' lang='lat' dir='ltr'><strong>apost.</strong></span> <span class='ocrx_word' id='word_1_372' title='bbox 198 2782 224 2809; x_wconf 84' lang='lat' dir='ltr'><strong>Ed.</strong></span> <span class='ocrx_word' id='word_1_373' title='bbox 234 2782 257 2809; x_wconf 87' lang='lat' dir='ltr'><strong>tv.</strong></span> 
     </span>
    </p>
   </div>
   <div class='ocr_carea' id='block_1_28' title="bbox 646 2766 673 2810">
    <p class='ocr_par' dir='ltr' id='par_1_34' title="bbox 646 2766 673 2810">
     <span class='ocr_line' id='line_1_72' title="bbox 646 2766 673 2810; baseline 0 0"><span class='ocrx_word' id='word_1_374' title='bbox 646 2766 673 2810; x_wconf 78' lang='lat'><strong>29</strong></span> 
     </span>
    </p>
   </div>
   <div class='ocr_carea' id='block_1_29' title="bbox 0 0 896 2987">
    <p class='ocr_par' dir='ltr' id='par_1_35' title="bbox 0 0 896 2987">
     <span class='ocr_line' id='line_1_73' title="bbox 0 0 896 2987; baseline 0 0"><span class='ocrx_word' id='word_1_375' title='bbox 0 0 896 2987; x_wconf 95' lang='lat' dir='ltr'><strong> </strong></span> 
     </span>
    </p>
   </div>
  </div>
 </body>
</html>
