1765 2987
158 186 240 243 IGIIATII
252 187 360 223 EPISTULA
372 188 403 222 hl)
416 187 629 228 PHthIJELPHENSES.
642 190 678 226 VII.
691 190 734 226 VIII.
784 192 826 236 217

67 311 125 354 quarn
144 298 261 353 'gravatum
278 309 324 339 esse
339 303 372 339 aut
387 297 407 338 in
423 312 493 353 paruo,
510 306 542 342 ant
555 302 575 343 in
586 314 665 356 magno.
691 300 716 342 Et
727 302 827 353 omnihus,

68 368 111 431 led,
134 380 185 422 quos
207 368 286 410 Iocutus
311 380 367 421 som,
393 374 452 423 opto,
476 383 502 412 ne
524 371 544 413 in
568 372 700 414 testimonium
723 366 744 414 id
768 371 828 414 cedat

67 443 136 482 contre
152 439 213 493 ipsos.

67 567 106 611 Vll.
137 567 157 608 S.
173 567 255 621 Spiritu
271 567 388 621 impellente
404 582 442 611 eos
462 570 490 610 od
509 571 611 612 unitatem
631 571 757 614 adhortatus
775 586 827 614 srtrn.

126 650 249 704 Quamquam
265 651 317 691 enim
336 651 426 693 nonnulli
447 651 558 693 secundum
579 665 659 694 carnem
681 667 712 695 me
733 654 828 708 decipere

67 722 183 773 voluerunt,
205 722 285 776 spiritns
301 727 367 763 tamen
383 735 424 764 non
440 721 550 775 decipitur,
566 735 578 762 a
593 723 637 764 Deo
654 728 717 764 ortus.
748 721 828 764 3Νοιίι

67 792 125 842 enim,
142 791 196 832 unde
211 792 284 843 veniat,
301 792 459 845 marcualdi,
477 797 497 833 et
513 797 597 834 secreta
609 794 706 847 coarguit.
736 793 830 845 clamavi,
849 816 850 819 =

67 875 126 917 quum
147 860 244 917 praesens
266 875 344 916 essem,
367 864 447 904 locutus
467 876 510 904 surn
532 875 605 918 magna
627 876 691 905 voce:
713 860 829 917 teptscopo

67 933 147 975 obedite
159 937 178 973 et
188 934 315 986 presbyterio
327 937 347 973 et
358 932 453 975 diaconis.
480 933 564 982 Quidam
576 938 642 975 autem
653 932 765 987 ⁵suspicati
776 938 829 985 sunt,

66 1016 109 1056 me,
131 1008 153 1045 ut
167 1004 280 1057 praescium
296 1003 408 1046 schismatis
425 1003 560 1058 quorundam,
583 1003 633 1045 haee
649 1003 731 1044 dixisse.
762 1003 829 1044 'lestIs

66 1077 131 1114 autern
147 1074 194 1114 mihi
209 1074 226 1114 is
243 1079 279 1125 est,
296 1086 333 1128 pro
350 1087 390 1127 quo
406 1076 485 1115 vinctus
500 1087 550 1125 som,
568 1075 621 1127 quod
638 1088 649 1115 a
666 1086 727 1116 carne
743 1073 829 1114 humana

65 1143 86 1194 jd
107 1155 147 1184 non
171 1144 309 1197 cognoverim.
340 1144 380 1187 Sed
396 1144 480 1198 Spiritus
502 1145 637 1195 annuntiavit,
660 1139 761 1184 fidicens:
784 1144 829 1184 sine

67 1212 163 1265 episeopo
174 1212 223 1253 nihil
234 1213 299 1265 facite,
316 1226 396 1255 carnem
411 1218 498 1254 uestram
514 1217 535 1253 ut
546 1213 584 1253 Dei
600 1209 709 1266 ⁷templum
722 1213 828 1264 custodite,

66 1282 160 1322 unionem
177 1282 346 1334 amate-dissidia
357 1283 426 1338 fugite,
443 1283 552 1323 imitatores
565 1287 608 1323 este
619 1282 668 1324 Jesu
680 1282 760 1332 Christi,
777 1284 829 1323 sicut

67 1355 86 1392 et
101 1352 145 1405 Ipse
160 1352 222 1405 patris
238 1353 276 1394 sui.

100 1478 148 1520 VIII.
179 1479 264 1521 Stodete
279 1480 360 1521 unitati.
392 1470 486 1521 Christos
502 1481 549 1522 loco
566 1480 739 1522 documentorum
755 1486 792 1521 est.

125 1560 170 1616 Ego
187 1562 264 1614 itaque,
281 1561 335 1614 quod
352 1573 416 1602 meum
432 1565 486 1613 erat,
507 1561 557 1613 feci,
580 1566 601 1601 ot
616 1561 677 1602 homo
694 1561 719 1602 ed
734 1562 830 1602 unionem

68 1631 184 1673 destinatos.
215 1632 252 1673 Utri
269 1637 333 1673 autern
350 1631 422 1672 divisio
439 1636 470 1672 est
486 1635 505 1672 et
521 1631 560 1682 ira,
577 1631 604 1671 ihi
619 1631 675 1671 Deus
691 1643 732 1672 nnn
750 1632 831 1671 habitat.
870 1648 872 1650 ’

69 1701 165 1742 Omnibus
181 1703 243 1759 igitur
258 1702 406 1756 poenitentibus
421 1702 503 1742 remittit
517 1700 579 1751 Deus,
598 1701 615 1741 si
630 1713 654 1741 se
670 1706 789 1743 convertant
806 1700 831 1741 ed

69 1770 163 1811 unionem
179 1759 223 1811 cum
239 1771 283 1812 Deo
304 1776 324 1811 et
344 1770 369 1811 ad
385 1771 545 1811 communionem
566 1781 611 1809 oum
628 1771 730 1823 episcopo.
765 1770 831 1811 Credo

69 1836 163 1893 ⁸gratiae
174 1840 223 1881 iesu
235 1840 314 1892 Christi,
331 1841 364 1893 qui
379 1842 445 1882 solvet
460 1854 471 1881 a
486 1841 544 1882 vohis
561 1853 620 1882 omne
635 1836 759 1881 vinculun19.
787 1840 832 1881 Oh-

70 1921 129 1951 secro
140 1915 205 1951 autem
217 1922 261 1962 vos,
278 1908 295 1934 ¹⁰
304 1916 325 1951 ut
335 1911 384 1951 nihil
395 1912 520 1952 contentiose
532 1911 601 1965 agatis,
617 1910 653 1951 sed
664 1911 722 1962 ,juxta
734 1907 750 1933 ¹¹
759 1909 832 1949 Christi

71 1978 187 2020 doctrinam.
218 1982 282 2029 Quom
298 1981 387 2021 audirem
403 1981 499 2033 quosdam
516 1982 618 2022 dicentes:
640 1981 680 2021 uisi
698 1980 796 2020 invenero
812 1980 832 2020 in

73 2045 183 2102 ¹²arrtiqois
199 2050 304 2101 vaticiniis,
320 2050 431 2105 Evangelio
447 2062 488 2091 non
504 2050 573 2103 credo,
590 2055 610 2091 et
625 2049 704 2090 dicente
722 2061 754 2090 me
770 2049 832 2103 ipsis:

83 2173 113 2216 11)
127 2174 441 2221 ItacumInterpolaiorelegeodum.
461 2179 553 2223 Niemeyer
576 2175 758 2221 (Oppositioussrhriit
778 2175 795 2217 I,
817 2175 834 2208 2.

71 2232 102 2267 ΜΞ·
114 2236 240 2276 numentano.
462 2247 478 2279 p.
496 2234 540 2277 21),
568 2234 689 2270 Drtsterdieolr
707 2233 739 2278 (de
757 2233 834 2278 IgnatIa-

85 2292 114 2333 12)
139 2290 182 2325 Olim
207 2303 244 2326 cunr
270 2295 345 2337 Vescia,
375 2295 443 2328 lintheo
461 2304 520 2326 narum
548 2291 658 2336 epistolarum
688 2291 775 2325 authentia
801 2296 834 2325 ete.

72 2348 159 2392 (hnldnge
188 2349 218 2383 der
246 2349 353 2384 christlichen
382 2350 443 2384 hirche
462 2362 478 2393 p.
492 2351 514 2383 56
527 2350 578 2394 not),
593 2351 695 2384 llhthornus
708 2349 718 2382 l.
728 2360 743 2381 c.
757 2360 772 2392 p.
783 2348 833 2389 284),

72 2417 88 2450 p.
108 2405 150 2448 339)
175 2412 193 2440 et
214 2409 286 2442 Arndtio
308 2408 333 2451 [iu
355 2410 444 2443 Uttmanni
462 2410 577 2443 Jooohscnos
590 2405 766 2452 etHityenfetdldie
779 2410 834 2449 apost.

74 2464 155 2507 „sardion
168 2474 184 2498 u.
198 2464 250 2498 IIrit.“
271 2465 322 2500 1839,
338 2464 351 2499 I.
370 2477 387 2509 p.
402 2466 443 2509 182)
464 2465 514 2498 vater
527 2475 543 2508 p.
556 2464 715 2505 236)deiendont‚
734 2473 835 2507 quaequac

73 2521 215 2565 interpolatorem
249 2528 318 2556 secutus
351 2522 444 2557 lectionem
463 2523 518 2556 veteri
537 2522 633 2565 Interprete
654 2519 706 2552 latino
726 2521 783 2564 agnita
802 2525 835 2562 est,

75 2580 137 2613 codicis
152 2589 182 2613 ms.
195 2576 267 2622 ἄρχαίοις
283 2582 300 2613 in
317 2577 385 2623 ἀρχείοις
402 2581 444 2624 (or-
464 2579 568 2613 retinendam
585 2578 650 2622 putaui.
680 2576 755 2620 Ignatius
775 2583 835 2611 contra

75 2640 134 2672 ciricis
146 2652 169 2670 =
182 2638 302 2681 trementis)
315 2640 384 2683 mutavi.
406 2638 444 2672 lile-
464 2638 584 2672 Juduizontes
596 2635 650 2668 verba
662 2633 712 2677 iacit,
730 2636 758 2679 qui
772 2634 836 2669 Christi

74 2695 106 2728 lius
131 2685 173 2729 uero
198 2705 217 2728 re
241 2705 326 2738 perpensa
352 2696 445 2729 lectionem
464 2695 556 2727 adventum
577 2698 595 2726 et
616 2692 714 2736 passionem
738 2693 755 2725 in
780 2695 837 2729 ceteri

76 2753 146 2796 codicis,
160 2754 210 2800 q'uaru
223 2753 302 2788 Creditur
314 2751 375 2796 (Beitr.
383 2752 397 2796 I,
409 2754 445 2796 15),
463 2755 573 2789 Testamenta
582 2752 638 2785 seuiu
646 2753 837 2788 ceter-ihusoatteiniio
