<?xml version="1.0" encoding="UTF-8"?>
<!DOCTYPE html PUBLIC "-//W3C//DTD XHTML 1.0 Transitional//EN"
    "http://www.w3.org/TR/xhtml1/DTD/xhtml1-transitional.dtd">
<html xmlns="http://www.w3.org/1999/xhtml" xml:lang="en" lang="en">
 <head>
  <title>
</title>
<meta http-equiv="Content-Type" content="text/html;charset=utf-8" />
  <meta name='ocr-system' content='tesseract 3.04.00' />
  <meta name='ocr-capabilities' content='ocr_page ocr_carea ocr_par ocr_line ocrx_word'/>
</head>
<body>
  <div class='ocr_page' id='page_1' title='image "MN40298ucmf_0_0389.png"; bbox 0 0 1765 2987; ppageno 0'>
   <div class='ocr_carea' id='block_1_1' title="bbox 59 644 770 809">
    <p class='ocr_par' dir='ltr' id='par_1_1' title="bbox 59 644 770 809">
     <span class='ocr_line' id='line_1_1' title="bbox 166 644 618 734; baseline 0 -13"><span class='ocrx_word' id='word_1_1' title='bbox 166 651 167 654; x_wconf 73' lang='grc'>’</span> <span class='ocrx_word' id='word_1_2' title='bbox 214 644 362 734; x_wconf 71' lang='lat' dir='ltr'>senuit</span> <span class='ocrx_word' id='word_1_3' title='bbox 387 646 618 722; x_wconf 69' lang='lat' dir='ltr'>centenum</span> 
     </span>
     <span class='ocr_line' id='line_1_2' title="bbox 59 769 770 809; baseline 0.003 -3"><span class='ocrx_word' id='word_1_4' title='bbox 59 769 285 806; x_wconf 67' lang='lat' dir='ltr'>summoniti</span> <span class='ocrx_word' id='word_1_5' title='bbox 305 770 448 807; x_wconf 58' lang='lat' dir='ltr'>muscosi</span> <span class='ocrx_word' id='word_1_6' title='bbox 467 771 500 806; x_wconf 71' lang='lat' dir='ltr'>ei</span> <span class='ocrx_word' id='word_1_7' title='bbox 521 770 770 809; x_wconf 60' lang='lat' dir='ltr'>antonimus</span> 
     </span>
    </p>
   </div>
   <div class='ocr_carea' id='block_1_2' title="bbox 151 961 675 1019">
    <p class='ocr_par' dir='ltr' id='par_1_2' title="bbox 151 961 675 1019">
     <span class='ocr_line' id='line_1_3' title="bbox 151 961 675 1019; baseline 0.006 -4"><span class='ocrx_word' id='word_1_8' title='bbox 151 961 443 1017; x_wconf 82' lang='lat' dir='ltr'>PHILIPPENSES</span> <span class='ocrx_word' id='word_1_9' title='bbox 473 961 675 1019; x_wconf 70' lang='lat' dir='ltr'>nulsione.</span> 
     </span>
    </p>
   </div>
   <div class='ocr_carea' id='block_1_3' title="bbox 362 1101 467 1109">
    <p class='ocr_par' dir='ltr' id='par_1_3' title="bbox 362 1101 467 1109">
     <span class='ocr_line' id='line_1_4' title="bbox 362 1101 467 1109; baseline 0.01 -1"><span class='ocrx_word' id='word_1_10' title='bbox 362 1101 467 1109; x_wconf 69' lang='lat'><strong>-——-.·</strong></span> 
     </span>
    </p>
   </div>
   <div class='ocr_carea' id='block_1_4' title="bbox 91 1184 793 1448">
    <p class='ocr_par' dir='ltr' id='par_1_4' title="bbox 91 1184 793 1448">
     <span class='ocr_line' id='line_1_5' title="bbox 91 1184 793 1240; baseline 0.004 -15"><span class='ocrx_word' id='word_1_11' title='bbox 91 1184 214 1240; x_wconf 78' lang='lat' dir='ltr'>Polycarpus</span> <span class='ocrx_word' id='word_1_12' title='bbox 230 1189 250 1225; x_wconf 89' lang='lat' dir='ltr'>et</span> <span class='ocrx_word' id='word_1_13' title='bbox 266 1186 300 1238; x_wconf 86' lang='lat' dir='ltr'>qni</span> <span class='ocrx_word' id='word_1_14' title='bbox 316 1197 361 1226; x_wconf 93' lang='lat' dir='ltr'>cum</span> <span class='ocrx_word' id='word_1_15' title='bbox 377 1197 402 1226; x_wconf 85' lang='lat' dir='ltr'>eo</span> <span class='ocrx_word' id='word_1_16' title='bbox 423 1186 537 1240; x_wconf 73' lang='lat' dir='ltr'>presbyteri</span> <span class='ocrx_word' id='word_1_17' title='bbox 556 1186 718 1239; x_wconf 63' lang='lat' dir='ltr'>ecclesiaeve,</span> <span class='ocrx_word' id='word_1_18' title='bbox 741 1200 793 1240; x_wconf 81' lang='lat' dir='ltr'>quae</span> 
     </span>
     <span class='ocr_line' id='line_1_6' title="bbox 127 1253 793 1310; baseline 0.003 -15"><span class='ocrx_word' id='word_1_19' title='bbox 127 1254 284 1309; x_wconf 74' lang='lat' dir='ltr'>&#39;peregrinetur</span> <span class='ocrx_word' id='word_1_20' title='bbox 305 1253 428 1309; x_wconf 82' lang='lat' dir='ltr'>²Pninppis:</span> <span class='ocrx_word' id='word_1_21' title='bbox 449 1255 587 1297; x_wconf 77' lang='lat' dir='ltr'>misericordia</span> <span class='ocrx_word' id='word_1_22' title='bbox 608 1257 665 1298; x_wconf 87' lang='lat' dir='ltr'>vehis</span> <span class='ocrx_word' id='word_1_23' title='bbox 687 1261 707 1297; x_wconf 89' lang='lat' dir='ltr'>et</span> <span class='ocrx_word' id='word_1_24' title='bbox 726 1270 793 1310; x_wconf 80' lang='lat' dir='ltr'>pexa</span> 
     </span>
     <span class='ocr_line' id='line_1_7' title="bbox 109 1324 793 1378; baseline 0.003 -13"><span class='ocrx_word' id='word_1_25' title='bbox 109 1324 166 1365; x_wconf 89' lang='lat' dir='ltr'>-Dee</span> <span class='ocrx_word' id='word_1_26' title='bbox 189 1324 326 1378; x_wconf 85' lang='lat' dir='ltr'>omnipotente</span> <span class='ocrx_word' id='word_1_27' title='bbox 347 1329 367 1365; x_wconf 88' lang='lat' dir='ltr'>et</span> <span class='ocrx_word' id='word_1_28' title='bbox 388 1338 399 1366; x_wconf 86' lang='lat' dir='ltr'>a</span> <span class='ocrx_word' id='word_1_29' title='bbox 420 1324 505 1366; x_wconf 90' lang='lat' dir='ltr'>Domine</span> <span class='ocrx_word' id='word_1_30' title='bbox 524 1325 573 1366; x_wconf 90' lang='lat' dir='ltr'>Jesu</span> <span class='ocrx_word' id='word_1_31' title='bbox 591 1325 670 1367; x_wconf 83' lang='lat' dir='ltr'>Christe</span> <span class='ocrx_word' id='word_1_32' title='bbox 691 1326 793 1368; x_wconf 74' lang='lat' dir='ltr'>salvatore</span> 
     </span>
     <span class='ocr_line' id='line_1_8' title="bbox 123 1394 355 1448; baseline 0 -12"><span class='ocrx_word' id='word_1_33' title='bbox 123 1398 193 1436; x_wconf 84' lang='lat' dir='ltr'>nostre</span> <span class='ocrx_word' id='word_1_34' title='bbox 209 1394 355 1448; x_wconf 71' lang='lat' dir='ltr'>multiplicetur.</span> 
     </span>
    </p>
   </div>
   <div class='ocr_carea' id='block_1_5' title="bbox 32 1505 792 1577">
    <p class='ocr_par' dir='ltr' id='par_1_5' title="bbox 32 1505 792 1577">
     <span class='ocr_line' id='line_1_9' title="bbox 32 1505 792 1577; baseline -0.001 -11"><span class='ocrx_word' id='word_1_35' title='bbox 32 1524 47 1566; x_wconf 89' lang='grc' dir='ltr'>Ι,</span> <span class='ocrx_word' id='word_1_36' title='bbox 62 1523 122 1565; x_wconf 74' lang='lat' dir='ltr'>Laus</span> <span class='ocrx_word' id='word_1_37' title='bbox 133 1524 158 1565; x_wconf 84' lang='lat' dir='ltr'>eb</span> <span class='ocrx_word' id='word_1_38' title='bbox 169 1523 316 1576; x_wconf 76' lang='lat' dir='ltr'>benipnitetetn</span> <span class='ocrx_word' id='word_1_39' title='bbox 326 1505 377 1576; x_wconf 75' lang='lat' dir='ltr'>erpa</span> <span class='ocrx_word' id='word_1_40' title='bbox 385 1524 466 1576; x_wconf 71' lang='lat' dir='ltr'>fecitne</span> <span class='ocrx_word' id='word_1_41' title='bbox 476 1523 560 1565; x_wconf 78' lang='lat' dir='ltr'>cinctos</span> <span class='ocrx_word' id='word_1_42' title='bbox 571 1529 591 1565; x_wconf 84' lang='lat' dir='ltr'>ct</span> <span class='ocrx_word' id='word_1_43' title='bbox 600 1523 625 1564; x_wconf 86' lang='lat' dir='ltr'>eb</span> <span class='ocrx_word' id='word_1_44' title='bbox 634 1524 696 1577; x_wconf 79' lang='lat' dir='ltr'>fidem</span> <span class='ocrx_word' id='word_1_45' title='bbox 705 1524 792 1577; x_wconf 72' lang='lat' dir='ltr'>firmem.</span> 
     </span>
    </p>
   </div>
   <div class='ocr_carea' id='block_1_6' title="bbox 33 1604 791 1868">
    <p class='ocr_par' dir='ltr' id='par_1_6' title="bbox 33 1604 791 1868">
     <span class='ocr_line' id='line_1_10' title="bbox 93 1604 791 1661; baseline -0.001 -14"><span class='ocrx_word' id='word_1_46' title='bbox 93 1606 216 1661; x_wconf 80' lang='lat' dir='ltr'>Magnepere</span> <span class='ocrx_word' id='word_1_47' title='bbox 237 1605 359 1660; x_wconf 80' lang='lat' dir='ltr'><strong>congavisus</strong></span> <span class='ocrx_word' id='word_1_48' title='bbox 379 1617 422 1646; x_wconf 93' lang='lat' dir='ltr'>sum</span> <span class='ocrx_word' id='word_1_49' title='bbox 442 1604 500 1645; x_wconf 90' lang='lat' dir='ltr'>vebis</span> <span class='ocrx_word' id='word_1_50' title='bbox 515 1604 535 1645; x_wconf 92' lang='lat' dir='ltr'>in</span> <span class='ocrx_word' id='word_1_51' title='bbox 552 1605 636 1647; x_wconf 88' lang='lat' dir='ltr'>Domine</span> <span class='ocrx_word' id='word_1_52' title='bbox 654 1611 724 1648; x_wconf 87' lang='lat' dir='ltr'>nostre</span> <span class='ocrx_word' id='word_1_53' title='bbox 741 1605 791 1647; x_wconf 88' lang='lat' dir='ltr'>Jesu</span> 
     </span>
     <span class='ocr_line' id='line_1_11' title="bbox 35 1673 790 1729; baseline 0 -13"><span class='ocrx_word' id='word_1_54' title='bbox 35 1675 125 1727; x_wconf 75' lang='lat' dir='ltr'>Christo,</span> <span class='ocrx_word' id='word_1_55' title='bbox 148 1673 220 1729; x_wconf 68' lang='grc' dir='ltr'>3ᾳυοά</span> <span class='ocrx_word' id='word_1_56' title='bbox 236 1687 298 1715; x_wconf 81' lang='lat' dir='ltr'>verne</span> <span class='ocrx_word' id='word_1_57' title='bbox 314 1674 414 1714; x_wconf 76' lang='lat' dir='ltr'>eharitatis</span> <span class='ocrx_word' id='word_1_58' title='bbox 430 1674 527 1728; x_wconf 80' lang='lat' dir='ltr'>imagines</span> <span class='ocrx_word' id='word_1_59' title='bbox 548 1676 680 1729; x_wconf 61' lang='lat' dir='ltr'>suscepistis,</span> <span class='ocrx_word' id='word_1_60' title='bbox 700 1680 719 1716; x_wconf 91' lang='lat' dir='ltr'>et</span> <span class='ocrx_word' id='word_1_61' title='bbox 737 1675 790 1729; x_wconf 82' lang='lat' dir='ltr'>qued</span> 
     </span>
     <span class='ocr_line' id='line_1_12' title="bbox 33 1744 790 1798; baseline 0 -13"><span class='ocrx_word' id='word_1_62' title='bbox 33 1750 93 1798; x_wconf 85' lang='lat' dir='ltr'>prout</span> <span class='ocrx_word' id='word_1_63' title='bbox 109 1744 175 1786; x_wconf 82' lang='lat' dir='ltr'>decuit</span> <span class='ocrx_word' id='word_1_64' title='bbox 189 1755 234 1797; x_wconf 87' lang='lat' dir='ltr'>ves,</span> <span class='ocrx_word' id='word_1_65' title='bbox 250 1744 337 1785; x_wconf 84' lang='lat' dir='ltr'>comitati</span> <span class='ocrx_word' id='word_1_66' title='bbox 353 1745 401 1784; x_wconf 89' lang='lat' dir='ltr'>estis</span> <span class='ocrx_word' id='word_1_67' title='bbox 418 1755 460 1795; x_wconf 81' lang='lat' dir='ltr'>ees,</span> <span class='ocrx_word' id='word_1_68' title='bbox 478 1744 511 1796; x_wconf 84' lang='lat' dir='ltr'>qui</span> <span class='ocrx_word' id='word_1_69' title='bbox 526 1744 620 1797; x_wconf 82' lang='lat' dir='ltr'>implicati</span> <span class='ocrx_word' id='word_1_70' title='bbox 636 1750 682 1787; x_wconf 90' lang='lat' dir='ltr'>sunt</span> <span class='ocrx_word' id='word_1_71' title='bbox 699 1746 790 1797; x_wconf 84' lang='lat' dir='ltr'>vinculis,</span> 
     </span>
     <span class='ocr_line' id='line_1_13' title="bbox 34 1812 791 1868; baseline -0.001 -13"><span class='ocrx_word' id='word_1_72' title='bbox 34 1827 86 1868; x_wconf 83' lang='lat' dir='ltr'>qnae</span> <span class='ocrx_word' id='word_1_73' title='bbox 101 1815 175 1856; x_wconf 82' lang='lat' dir='ltr'>sanctis</span> <span class='ocrx_word' id='word_1_74' title='bbox 192 1815 325 1865; x_wconf 81' lang='lat' dir='ltr'>conveniunt,</span> <span class='ocrx_word' id='word_1_75' title='bbox 346 1826 438 1867; x_wconf 78' lang='lat' dir='ltr'>quaeque</span> <span class='ocrx_word' id='word_1_76' title='bbox 459 1812 568 1855; x_wconf 80' lang='lat' dir='ltr'>diademata</span> <span class='ocrx_word' id='word_1_77' title='bbox 587 1819 634 1855; x_wconf 90' lang='lat' dir='ltr'>sunt</span> <span class='ocrx_word' id='word_1_78' title='bbox 654 1827 735 1867; x_wconf 81' lang='lat' dir='ltr'>eornm,</span> <span class='ocrx_word' id='word_1_79' title='bbox 756 1814 791 1867; x_wconf 86' lang='lat' dir='ltr'>qni</span> 
     </span>
    </p>
   </div>
   <div class='ocr_carea' id='block_1_7' title="bbox 33 1883 790 1937">
    <p class='ocr_par' dir='ltr' id='par_1_7' title="bbox 33 1883 790 1937">
     <span class='ocr_line' id='line_1_14' title="bbox 33 1883 790 1937; baseline -0.003 -11"><span class='ocrx_word' id='word_1_80' title='bbox 33 1897 82 1926; x_wconf 83' lang='lat' dir='ltr'>vene</span> <span class='ocrx_word' id='word_1_81' title='bbox 98 1888 143 1926; x_wconf 89' lang='lat' dir='ltr'>sunt</span> <span class='ocrx_word' id='word_1_82' title='bbox 159 1897 170 1925; x_wconf 84' lang='lat' dir='ltr'>a</span> <span class='ocrx_word' id='word_1_83' title='bbox 186 1884 229 1924; x_wconf 89' lang='lat' dir='ltr'>Dee</span> <span class='ocrx_word' id='word_1_84' title='bbox 246 1887 265 1924; x_wconf 90' lang='lat' dir='ltr'>et</span> <span class='ocrx_word' id='word_1_85' title='bbox 280 1883 365 1924; x_wconf 86' lang='lat' dir='ltr'>Domine</span> <span class='ocrx_word' id='word_1_86' title='bbox 382 1886 450 1923; x_wconf 83' lang='lat' dir='ltr'>nostre</span> <span class='ocrx_word' id='word_1_87' title='bbox 467 1883 537 1934; x_wconf 83' lang='lat' dir='ltr'>electi3</span> <span class='ocrx_word' id='word_1_88' title='bbox 560 1888 579 1924; x_wconf 88' lang='lat' dir='ltr'>et</span> <span class='ocrx_word' id='word_1_89' title='bbox 599 1884 652 1937; x_wconf 85' lang='lat' dir='ltr'>qued</span> <span class='ocrx_word' id='word_1_90' title='bbox 672 1885 728 1926; x_wconf 80' lang='lat' dir='ltr'>firma</span> <span class='ocrx_word' id='word_1_91' title='bbox 743 1883 790 1924; x_wconf 87' lang='lat' dir='ltr'>fidei</span> 
     </span>
    </p>
   </div>
   <div class='ocr_carea' id='block_1_8' title="bbox 32 1951 792 2498">
    <p class='ocr_par' dir='ltr' id='par_1_8' title="bbox 32 1951 792 2498">
     <span class='ocr_line' id='line_1_15' title="bbox 33 1951 791 2007; baseline -0.003 -12"><span class='ocrx_word' id='word_1_92' title='bbox 33 1958 113 1995; x_wconf 78' lang='lat' dir='ltr'>vesu-ae</span> <span class='ocrx_word' id='word_1_93' title='bbox 128 1954 192 2006; x_wconf 81' lang='lat' dir='ltr'>radix,</span> <span class='ocrx_word' id='word_1_94' title='bbox 209 1951 251 1993; x_wconf 67' lang='lat' dir='ltr'>“ab</span> <span class='ocrx_word' id='word_1_95' title='bbox 268 1953 354 2005; x_wconf 81' lang='lat' dir='ltr'>antiquis</span> <span class='ocrx_word' id='word_1_96' title='bbox 370 1952 493 2005; x_wconf 81' lang='lat' dir='ltr'>temporibus</span> <span class='ocrx_word' id='word_1_97' title='bbox 509 1955 634 2006; x_wconf 76' lang='lat' dir='ltr'>annunciata,</span> <span class='ocrx_word' id='word_1_98' title='bbox 650 1966 715 2007; x_wconf 87' lang='lat' dir='ltr'>usque</span> <span class='ocrx_word' id='word_1_99' title='bbox 726 1953 791 1994; x_wconf 77' lang='lat' dir='ltr'>adnuo</span> 
     </span>
     <span class='ocr_line' id='line_1_16' title="bbox 33 2022 792 2077; baseline -0.004 -12"><span class='ocrx_word' id='word_1_100' title='bbox 33 2029 137 2077; x_wconf 79' lang='lat' dir='ltr'>permanet</span> <span class='ocrx_word' id='word_1_101' title='bbox 152 2036 176 2064; x_wconf 81' lang='lat' dir='ltr'>ae</span> <span class='ocrx_word' id='word_1_102' title='bbox 192 2023 278 2064; x_wconf 81' lang='lat' dir='ltr'>fructum</span> <span class='ocrx_word' id='word_1_103' title='bbox 293 2022 351 2063; x_wconf 82' lang='lat' dir='ltr'>effert</span> <span class='ocrx_word' id='word_1_104' title='bbox 366 2022 386 2062; x_wconf 88' lang='lat' dir='ltr'>in</span> <span class='ocrx_word' id='word_1_105' title='bbox 401 2022 486 2063; x_wconf 87' lang='lat' dir='ltr'>Domine</span> <span class='ocrx_word' id='word_1_106' title='bbox 502 2026 573 2064; x_wconf 75' lang='lat' dir='ltr'>nosne</span> <span class='ocrx_word' id='word_1_107' title='bbox 588 2023 638 2065; x_wconf 85' lang='lat' dir='ltr'>Jesu</span> <span class='ocrx_word' id='word_1_108' title='bbox 654 2023 740 2075; x_wconf 84' lang='lat' dir='ltr'>Christe,</span> <span class='ocrx_word' id='word_1_109' title='bbox 758 2022 792 2075; x_wconf 88' lang='lat' dir='ltr'>qni</span> 
     </span>
     <span class='ocr_line' id='line_1_17' title="bbox 33 2090 792 2148; baseline -0.005 -13"><span class='ocrx_word' id='word_1_110' title='bbox 33 2106 70 2147; x_wconf 91' lang='lat' dir='ltr'>pre</span> <span class='ocrx_word' id='word_1_111' title='bbox 86 2094 174 2148; x_wconf 81' lang='lat' dir='ltr'>peccatis</span> <span class='ocrx_word' id='word_1_112' title='bbox 190 2093 265 2133; x_wconf 82' lang='lat' dir='ltr'>nestris</span> <span class='ocrx_word' id='word_1_113' title='bbox 280 2103 345 2144; x_wconf 90' lang='lat' dir='ltr'>usqne</span> <span class='ocrx_word' id='word_1_114' title='bbox 361 2091 385 2131; x_wconf 80' lang='lat' dir='ltr'>ad</span> <span class='ocrx_word' id='word_1_115' title='bbox 396 2095 481 2132; x_wconf 82' lang='lat' dir='ltr'>monem</span> <span class='ocrx_word' id='word_1_116' title='bbox 492 2091 588 2134; x_wconf 84' lang='lat' dir='ltr'>devenire</span> <span class='ocrx_word' id='word_1_117' title='bbox 601 2094 700 2145; x_wconf 82' lang='lat' dir='ltr'>sustinuit,</span> <span class='ocrx_word' id='word_1_118' title='bbox 717 2090 792 2145; x_wconf 80' lang='lat' dir='ltr'>⁵qcem</span> 
     </span>
     <span class='ocr_line' id='line_1_18' title="bbox 33 2160 792 2216; baseline -0.005 -11"><span class='ocrx_word' id='word_1_119' title='bbox 33 2165 169 2206; x_wconf 77' lang='lat' dir='ltr'>resuscitavit</span> <span class='ocrx_word' id='word_1_120' title='bbox 183 2164 254 2213; x_wconf 82' lang='lat' dir='ltr'>Dens,</span> <span class='ocrx_word' id='word_1_121' title='bbox 276 2163 354 2203; x_wconf 79' lang='lat' dir='ltr'>soletis</span> <span class='ocrx_word' id='word_1_122' title='bbox 369 2162 479 2202; x_wconf 79' lang='lat' dir='ltr'>doloribus</span> <span class='ocrx_word' id='word_1_123' title='bbox 498 2164 583 2215; x_wconf 75' lang='lat' dir='ltr'>inferni.</span> <span class='ocrx_word' id='word_1_124' title='bbox 614 2160 659 2203; x_wconf 79' lang='lat' dir='ltr'>⁶In</span> <span class='ocrx_word' id='word_1_125' title='bbox 674 2176 734 2216; x_wconf 80' lang='lat' dir='ltr'>quem</span> <span class='ocrx_word' id='word_1_126' title='bbox 748 2174 792 2202; x_wconf 85' lang='lat' dir='ltr'>nen</span> 
     </span>
     <span class='ocr_line' id='line_1_19' title="bbox 32 2232 792 2284; baseline -0.003 -10"><span class='ocrx_word' id='word_1_127' title='bbox 32 2234 129 2275; x_wconf 76' lang='lat' dir='ltr'>videntes</span> <span class='ocrx_word' id='word_1_128' title='bbox 146 2233 233 2278; x_wconf 78' lang='lat' dir='ltr'>creditis</span> <span class='ocrx_word' id='word_1_129' title='bbox 239 2264 245 2284; x_wconf 81' lang='grc'>,</span> <span class='ocrx_word' id='word_1_130' title='bbox 268 2232 374 2273; x_wconf 81' lang='lat' dir='ltr'>eredentes</span> <span class='ocrx_word' id='word_1_131' title='bbox 390 2237 459 2272; x_wconf 83' lang='lat' dir='ltr'>aetem</span> <span class='ocrx_word' id='word_1_132' title='bbox 475 2233 588 2273; x_wconf 71' lang='lat' dir='ltr'>exsuitans</span> <span class='ocrx_word' id='word_1_133' title='bbox 605 2232 689 2273; x_wconf 84' lang='lat' dir='ltr'>ieetitie</span> <span class='ocrx_word' id='word_1_134' title='bbox 703 2233 792 2273; x_wconf 78' lang='lat' dir='ltr'>inener-</span> 
     </span>
     <span class='ocr_line' id='line_1_20' title="bbox 32 2300 791 2356; baseline -0.007 -13"><span class='ocrx_word' id='word_1_135' title='bbox 32 2304 96 2345; x_wconf 80' lang='lat' dir='ltr'>rabili</span> <span class='ocrx_word' id='word_1_136' title='bbox 112 2310 132 2344; x_wconf 84' lang='lat' dir='ltr'>et</span> <span class='ocrx_word' id='word_1_137' title='bbox 146 2304 266 2356; x_wconf 69' lang='lat' dir='ltr'>piceipicete</span> <span class='ocrx_word' id='word_1_138' title='bbox 272 2317 280 2350; x_wconf 88' lang='lat'><em>;</em></span> <span class='ocrx_word' id='word_1_139' title='bbox 295 2303 315 2342; x_wconf 93' lang='lat' dir='ltr'>in</span> <span class='ocrx_word' id='word_1_140' title='bbox 327 2315 385 2355; x_wconf 79' lang='lat' dir='ltr'>quem</span> <span class='ocrx_word' id='word_1_141' title='bbox 396 2302 450 2342; x_wconf 87' lang='lat' dir='ltr'>multi</span> <span class='ocrx_word' id='word_1_142' title='bbox 462 2300 577 2342; x_wconf 86' lang='lat' dir='ltr'>desiderent</span> <span class='ocrx_word' id='word_1_143' title='bbox 589 2302 680 2354; x_wconf 85' lang='lat' dir='ltr'>introire,</span> <span class='ocrx_word' id='word_1_144' title='bbox 696 2302 791 2351; x_wconf 86' lang='lat' dir='ltr'>scientes,</span> 
     </span>
     <span class='ocr_line' id='line_1_21' title="bbox 33 2369 792 2426; baseline -0.007 -13"><span class='ocrx_word' id='word_1_145' title='bbox 33 2372 87 2426; x_wconf 87' lang='lat' dir='ltr'>qued</span> <span class='ocrx_word' id='word_1_146' title='bbox 104 2369 192 2425; x_wconf 76' lang='lat' dir='ltr'>⁷9natie</span> <span class='ocrx_word' id='word_1_147' title='bbox 208 2373 259 2413; x_wconf 79' lang='lat' dir='ltr'>cetis</span> <span class='ocrx_word' id='word_1_148' title='bbox 273 2373 365 2423; x_wconf 80' lang='lat' dir='ltr'>selecti,</span> <span class='ocrx_word' id='word_1_149' title='bbox 388 2384 431 2412; x_wconf 86' lang='lat' dir='ltr'>nen</span> <span class='ocrx_word' id='word_1_150' title='bbox 451 2384 479 2411; x_wconf 72' lang='lat' dir='ltr'>ee</span> <span class='ocrx_word' id='word_1_151' title='bbox 500 2370 611 2423; x_wconf 77' lang='lat' dir='ltr'>operibns,</span> <span class='ocrx_word' id='word_1_152' title='bbox 633 2370 670 2413; x_wconf 87' lang='lat' dir='ltr'>sed</span> <span class='ocrx_word' id='word_1_153' title='bbox 691 2370 792 2412; x_wconf 78' lang='lat' dir='ltr'>voluntate</span> 
     </span>
     <span class='ocr_line' id='line_1_22' title="bbox 32 2443 337 2498; baseline -0.003 -15"><span class='ocrx_word' id='word_1_154' title='bbox 32 2443 71 2485; x_wconf 90' lang='lat' dir='ltr'>Dei</span> <span class='ocrx_word' id='word_1_155' title='bbox 85 2457 123 2498; x_wconf 86' lang='lat' dir='ltr'>per</span> <span class='ocrx_word' id='word_1_156' title='bbox 138 2443 208 2485; x_wconf 88' lang='lat' dir='ltr'>Jesum</span> <span class='ocrx_word' id='word_1_157' title='bbox 224 2443 337 2484; x_wconf 79' lang='lat' dir='ltr'>Christum..</span> 
     </span>
    </p>
   </div>
   <div class='ocr_carea' id='block_1_9' title="bbox 32 2558 655 2835">
    <p class='ocr_par' dir='ltr' id='par_1_9' title="bbox 32 2558 655 2835">
     <span class='ocr_line' id='line_1_23' title="bbox 33 2558 587 2605; baseline -0.004 -14"><span class='ocrx_word' id='word_1_158' title='bbox 33 2559 60 2591; x_wconf 90' lang='lat' dir='ltr'>cui</span> <span class='ocrx_word' id='word_1_159' title='bbox 72 2558 118 2593; x_wconf 85' lang='lat' dir='ltr'>bene</span> <span class='ocrx_word' id='word_1_160' title='bbox 130 2559 219 2603; x_wconf 85' lang='lat' dir='ltr'>respondit</span> <span class='ocrx_word' id='word_1_161' title='bbox 230 2559 261 2593; x_wconf 65' lang='grc' dir='ltr'>ΒΓ,</span> <span class='ocrx_word' id='word_1_162' title='bbox 271 2561 375 2605; x_wconf 71' lang='lat' dir='ltr'>Denzinper</span> <span class='ocrx_word' id='word_1_163' title='bbox 386 2559 403 2591; x_wconf 90' lang='lat' dir='ltr'>in</span> <span class='ocrx_word' id='word_1_164' title='bbox 445 2559 465 2599; x_wconf 67' lang='lat'>5)</span> <span class='ocrx_word' id='word_1_165' title='bbox 478 2561 518 2604; x_wconf 58' lang='lat' dir='ltr'>Miz</span> <span class='ocrx_word' id='word_1_166' title='bbox 528 2560 545 2602; x_wconf 89' lang='lat'>2,</span> <span class='ocrx_word' id='word_1_167' title='bbox 558 2558 587 2590; x_wconf 76' lang='lat'>24.</span> 
     </span>
     <span class='ocr_line' id='line_1_24' title="bbox 32 2609 603 2661; baseline 0 -13"><span class='ocrx_word' id='word_1_168' title='bbox 32 2614 104 2661; x_wconf 82' lang='lat' dir='ltr'>Tubing.</span> <span class='ocrx_word' id='word_1_169' title='bbox 125 2615 178 2651; x_wconf 75' lang='lat' dir='ltr'>theol.</span> <span class='ocrx_word' id='word_1_170' title='bbox 200 2609 330 2657; x_wconf 67' lang='lat' dir='ltr'>Quartutschritt</span> <span class='ocrx_word' id='word_1_171' title='bbox 351 2616 403 2650; x_wconf 75' lang='lat'>1851.</span> <span class='ocrx_word' id='word_1_172' title='bbox 446 2616 544 2660; x_wconf 68' lang='lat' dir='ltr'>njtt’en.</span> <span class='ocrx_word' id='word_1_173' title='bbox 557 2615 573 2657; x_wconf 67' lang='lat'>1,</span> <span class='ocrx_word' id='word_1_174' title='bbox 587 2616 603 2649; x_wconf 82' lang='grc'>8.</span> 
     </span>
     <span class='ocr_line' id='line_1_25' title="bbox 32 2665 655 2719; baseline 0 -12"><span class='ocrx_word' id='word_1_175' title='bbox 32 2683 49 2716; x_wconf 81' lang='lat' dir='ltr'>p.</span> <span class='ocrx_word' id='word_1_176' title='bbox 62 2673 102 2708; x_wconf 74' lang='lat' dir='ltr'>nes.</span> <span class='ocrx_word' id='word_1_177' title='bbox 446 2674 465 2719; x_wconf 73' lang='lat' dir='ltr'>m</span> <span class='ocrx_word' id='word_1_178' title='bbox 477 2673 541 2718; x_wconf 77' lang='lat' dir='ltr'>npnes.</span> <span class='ocrx_word' id='word_1_179' title='bbox 554 2674 572 2717; x_wconf 84' lang='lat'>2,</span> <span class='ocrx_word' id='word_1_180' title='bbox 585 2673 601 2709; x_wconf 85' lang='lat'>8.</span> <span class='ocrx_word' id='word_1_181' title='bbox 615 2675 630 2710; x_wconf 80' lang='lat'>9,</span> <span class='ocrx_word' id='word_1_182' title='bbox 653 2665 655 2667; x_wconf 82' lang='grc'><strong>’</strong></span> 
     </span>
     <span class='ocr_line' id='line_1_26' title="bbox 56 2729 191 2775; baseline 0.03 -13"><span class='ocrx_word' id='word_1_183' title='bbox 56 2729 75 2775; x_wconf 80' lang='grc'>4]</span> <span class='ocrx_word' id='word_1_184' title='bbox 88 2730 131 2766; x_wconf 87' lang='lat' dir='ltr'>Phil.</span> <span class='ocrx_word' id='word_1_185' title='bbox 146 2730 162 2775; x_wconf 87' lang='lat'>1,</span> <span class='ocrx_word' id='word_1_186' title='bbox 175 2732 191 2766; x_wconf 84' lang='lat'>5.</span> 
     </span>
     <span class='ocr_line' id='line_1_27' title="bbox 68 2790 650 2835; baseline 0.015 -9"><span class='ocrx_word' id='word_1_187' title='bbox 68 2799 113 2826; x_wconf 73' lang='lat' dir='ltr'>Patres</span> <span class='ocrx_word' id='word_1_188' title='bbox 122 2798 165 2834; x_wconf 73' lang='lat' dir='ltr'>spesi,</span> <span class='ocrx_word' id='word_1_189' title='bbox 177 2800 200 2828; x_wconf 82' lang='lat' dir='ltr'>ed.</span> <span class='ocrx_word' id='word_1_190' title='bbox 210 2800 233 2830; x_wconf 43' lang='lat' dir='ltr'>tvi</span> <span class='ocrx_word' id='word_1_191' title='bbox 624 2790 650 2835; x_wconf 67' lang='grc'>17</span> 
     </span>
    </p>
   </div>
   <div class='ocr_carea' id='block_1_10' title="bbox 0 0 888 2987">
    <p class='ocr_par' dir='ltr' id='par_1_10' title="bbox 0 0 888 2987">
     <span class='ocr_line' id='line_1_28' title="bbox 0 0 888 2987; baseline 0 0"><span class='ocrx_word' id='word_1_192' title='bbox 0 0 888 2987; x_wconf 95' lang='lat' dir='ltr'> </span> 
     </span>
    </p>
   </div>
  </div>
 </body>
</html>
