1765 2987
216 182 324 220 Epistola
336 183 367 218 ab
380 183 515 220 DIOGNETUbl.
527 185 555 221 111.
568 185 602 224 IV..
744 188 787 230 303

29 296 114 340 stimant.
145 291 171 334 At
190 293 215 346 ii,
237 293 271 347 qni
290 305 328 347 per
348 294 465 348 sanguinem
487 301 506 337 et
525 296 619 339 nidorem
635 301 655 338 et
670 295 788 338 holocausta

29 367 55 409 illi
75 363 172 405 sacrificia
195 364 310 417 conficere,
331 364 403 417 hisque
422 366 533 408 bonoribus
556 380 600 408 enm
623 379 696 408 ornare
711 370 787 420 putant,

28 439 48 479 bi
63 434 111 476 nihil
127 435 150 475 ab
167 434 190 475 iis
208 423 288 476 differre
304 434 351 475 mibi
366 434 465 489 ridentur,
485 437 519 490 qui
534 438 618 479 eandem
634 437 787 478 munificentiam

28 508 129 563 praestant
143 503 220 545 ¹sensu
237 505 357 556 carentibus,
373 517 425 559 quae
441 508 547 562 percipere
562 507 660 549 honorem
677 507 731 548 hune
745 519 787 548 non

27 579 122 633 possunt3
146 573 210 616 ²eum
226 587 298 617 revera
313 574 385 616 nullius
401 575 431 617 rei
446 577 515 632 indigo
535 579 574 640 ipsi
594 577 667 631 aliquid
686 579 786 631 praebere

27 651 101 703 putent.

26 778 57 819 IV.
90 775 166 816 Cetera
182 774 313 816 Judoeorum
329 774 427 816 {restituto
443 788 486 817 aon
504 776 590 828 optineo
609 781 660 816 strat
677 776 705 816 od
720 776 787 817 Deum

349 846 463 887 colendum.
547 851 548 854 ’
711 847 712 850 ’

84 929 110 970 At
125 940 175 970 vero
192 940 262 969 eorum
278 928 344 981 quoad
360 928 416 969 cibos
433 929 567 982 timiditatem,
587 933 606 970 et
622 930 786 983 superstitionem

26 1001 78 1041 circa
94 999 183 1052 sabbata,
201 1003 220 1039 et
233 999 347 1053 jactantiam
364 999 389 1039 de
402 1000 562 1052 circumcisione,
579 1005 598 1040 et
609 1013 661 1053 quae
673 1000 697 1041 de
705 1001 784 1055 jejunio

26 1074 45 1120 et
60 1069 168 1111 noviluniis
184 1069 308 1110 celebrandis
325 1069 426 1121 simulant,
450 1083 501 1123 qaae
517 1071 599 1112 ridicula
615 1074 659 1112 sunt
677 1075 696 1112 et
713 1069 784 1112 ³nulla

25 1141 168 1181 memoratione
190 1139 262 1193 digna,
286 1140 319 1180 tibi
339 1154 350 1181 a
371 1153 403 1181 mc
425 1141 519 1182 discenda
541 1154 587 1182 esse
610 1140 670 1182 laon
692 1142 783 1182 arbitror.

23 1211 170 1263 Nemeorum,
192 1223 243 1264 quae
259 1224 270 1251 a
285 1211 328 1252 Deo
344 1212 363 1252 in
379 1223 437 1253 usum
459 1211 559 1252 hominum
581 1215 647 1252 creata
666 1216 722 1263 sunt,
746 1211 783 1252 alia

25 1282 103 1335 quidem
120 1287 211 1334 tanquam
227 1284 283 1321 recte
299 1285 365 1321 creata
381 1282 483 1334 accipere,
502 1282 539 1322 alia
557 1294 618 1334 vero,
635 1285 656 1322 ut
672 1281 747 1322 inutilia
764 1286 784 1322 et

24 1354 174 1405 supervacanea
195 1363 302 1403 recusare,
330 1351 430 1404 quomodo
455 1349 503 1391 ⁵fas
524 1350 567 1392 sit?
598 1351 627 1391 De
650 1351 693 1392 Deo
717 1355 783 1392 autem

23 1422 108 1473 mentiri,
125 1426 194 1462 vetare
211 1433 256 1461 eum
272 1421 318 1461 boni
335 1422 408 1475 aliquid
423 1422 455 1462 die
469 1422 544 1462 sabbati
558 1435 665 1476 peragere,
682 1423 782 1475 quomodo

23 1492 102 1545 impium
113 1504 154 1532 non
166 1492 207 1532 sit‘?
237 1490 261 1531 Et
273 1490 298 1532 de
312 1492 378 1532 carnis
393 1489 553 1543 ⁶imminutione,
569 1497 662 1545 tanquam
678 1492 783 1533 electionis

23 1562 144 1613 testimonio,
161 1560 250 1615 gloriari,
267 1562 324 1614 epitasi
341 1561 366 1601 ob
383 1574 425 1602 eam
442 1563 553 1602 eminenter
570 1562 635 1602 dilecti
650 1563 692 1602 sint
706 1575 716 1602 a
731 1562 782 1613 Deo,

23 1631 123 1684 quomodo
140 1632 242 1673 derisione
258 1644 298 1673 nou
314 1632 339 1673 sit
356 1631 454 1686 dignum?
485 1631 525 1672 Eos
542 1635 606 1671 autem
622 1635 728 1673 uersantes
747 1627 783 1672 ⁷in

23 1702 189 1755 contemplatione
205 1701 306 1742 stellarum
323 1705 342 1741 et
358 1699 447 1752 Stenae,
468 1697 624 1741 ⁹obser·rationi
642 1702 739 1742 mensium
762 1706 783 1742 et

23 1772 99 1814 dierum
116 1771 194 1814 deditos
211 1783 268 1824 esse,
290 1777 309 1813 et
324 1772 362 1813 Dei
379 1769 396 1795 ¹⁰
407 1771 536 1814 oeconomias
553 1783 576 1812 ae
591 1775 703 1824 temporum
719 1771 780 1812 vicis-

22 1950 38 1978 et
51 1945 116 1979 dierum
128 1946 210 1980 festorum
224 1947 240 1979 in
254 1951 292 1979 ortu
305 1944 391 1980 stellarum
409 1946 430 1978 sit
443 1955 463 1978 an
476 1955 519 1987 nox,
538 1945 592 1978 teneri
606 1955 644 1978 cum
657 1944 735 1978 victimae
749 1955 780 1989 pro

21 2009 105 2047 statuunt,
124 2004 158 2038 hoc
174 2004 237 2047 modo,
255 2010 284 2047 ut,
304 2015 341 2038 curn
357 2009 391 2038 tres
410 2003 472 2037 delicto
486 2003 537 2037 dubio
550 2002 673 2037 immolandae:
694 2003 722 2047 qui
736 2013 780 2036 con-

21 2062 81 2096 stellae
98 2063 189 2096 mediocris
207 2063 327 2107 magnitudinis
342 2073 390 2095 eom·
408 2062 474 2105 spicata
493 2072 537 2104 una,
558 2061 605 2094 hunc
624 2060 696 2094 liberum
715 2071 754 2095 esse
771 2072 781 2094 a

20 2120 116 2163 paruerint,
133 2126 201 2154 noctem
216 2131 255 2154 esse
268 2121 334 2154 dicant:
352 2131 390 2153 eum
408 2119 497 2152 sacrificio.
517 2123 583 2153 Bonan.

21 2176 71 2221 duae,
84 2183 150 2221 tempus
160 2188 204 2221 esse,
218 2179 263 2223 quod
271 2184 334 2212 vocant
344 2181 391 2212 inter
432 2177 451 2219 8)
477 2176 569 2212 Novilunia
598 2177 697 2211 celebrandi
723 2187 779 2212 causa.
833 2192 834 2197 =

20 2238 80 2271 soter.-
99 2247 137 2269 eum
153 2247 196 2279 una,
216 2237 260 2270 diem
279 2237 348 2281 proprie
366 2238 390 2270 sic
408 2237 474 2268 Bonan.

20 2291 82 2327 dietum
103 2294 177 2328 nondum
198 2295 260 2329 exiisse
281 2294 389 2328 contendant.
432 2293 451 2335 9)
464 2293 577 2328 Verhahaec
589 2295 643 2339 petita
660 2299 699 2328 sunt
716 2304 737 2327 en
752 2304 778 2337 ep.

21 2349 128 2397 Quapropter
146 2351 190 2387 haec
208 2352 236 2386 len
254 2353 299 2397 apud
315 2352 390 2386 ludaeos
408 2351 429 2384 ad
442 2351 495 2386 Galat.
509 2353 526 2396 d,
541 2353 567 2385 to.

20 2408 101 2443 obtinuit:
120 2412 217 2456 quicunque
234 2411 261 2444 die
274 2411 344 2445 Veneris
358 2422 390 2444 ex—
420 2403 450 2452 10]Ι
464 2409 584 2444 Ordinationes
596 2412 613 2444 in
626 2408 778 2444 rerumunirersi·

20 2473 80 2511 eunte,
99 2471 145 2503 eirca
161 2471 227 2503 initium
240 2470 317 2511 sabbati,
336 2469 390 2503 stellis
408 2469 509 2503 tateaDeo
518 2470 581 2503 factas:
595 2474 612 2501 et
620 2467 653 2501 hoe
661 2466 728 2511 quidem
738 2465 777 2499 loco

19 2525 72 2559 tribus
81 2527 196 2561 mediocribus
206 2528 302 2572 conspectis
309 2533 389 2572 operatus
408 2531 528 2570 tempestatum
541 2525 666 2560 vicissitudines
680 2536 689 2557 a
701 2523 739 2557 Deo
749 2524 778 2556 -sic

19 2581 76 2627 luerit,
90 2596 128 2619 eum
140 2596 228 2630 peccasse,
242 2586 320 2631 adeoque
333 2586 390 2619 teneri
408 2585 499 2630 dispositae
509 2583 541 2617 hac
550 2593 594 2617 noce
602 2583 725 2628 significantur,
736 2593 777 2627 quas

19 2642 102 2676 sacrificio
115 2644 198 2688 piaculari
208 2644 307 2677 offerendo:
320 2644 389 2688 quivi-
407 2645 462 2677 statim
475 2643 516 2676 dicit
528 2644 585 2686 καιρῶν
597 2637 668 2686 ἀλλαγάς.
686 2644 753 2674 Bonan.

18 2698 40 2732 sis
50 2699 122 2745 duabus,
136 2712 174 2735 cum
183 2701 276 2746 dubitetur,
289 2706 344 2735 utrum
353 2700 389 2735 dies
