1765 2987
298 201 419 237 ataulphe
431 201 542 238 EPISTOLA,
562 202 582 236 X.
792 204 820 245 25

66 310 102 362 qni
114 309 244 350 nomlcdbect
257 311 382 363 sqclcmcm?
408 310 454 350 Tria
470 310 562 367 [logmata
576 312 595 352 in
607 311 709 352 intellectu
726 323 822 365 compre-

64 378 139 420 hendit.
165 380 228 422 Porro
244 380 270 420 ait
283 380 321 420 illis
332 379 430 421 Dominus
444 380 464 421 in
480 380 643 423 deuteronomio:
663 380 668 405 ¹
680 387 700 422 et
711 382 822 434 disponam

65 449 94 490 cd
105 450 207 501 populum
221 452 277 491 littae
290 455 404 503 praecepto
419 462 470 491 naen.
500 450 573 491 Nonne
589 462 639 505 ergo
657 451 769 491 mandatum
784 450 821 490 Dei

65 521 106 569 est,
129 530 154 557 ne
175 518 311 561 manducent?
341 520 388 570 Est3
408 519 444 560 sed
465 521 533 561 lloses
553 522 573 561 in
594 521 665 573 spiritu
687 520 764 561 locutus
784 524 820 560 est.

66 587 193 640 Quapropter
203 589 232 629 sic
242 601 299 629 suem
312 589 344 640 ait,
359 589 415 642 quasi
426 589 512 630 diceret:
526 601 566 629 non
577 588 695 629 adhaerebis
708 589 820 629 hominibus

64 656 146 706 talibus,
167 658 200 708 qni
217 658 292 700 similes
307 664 354 700 sunt
369 660 443 712 porcis.
474 659 524 699 Nam
540 671 599 711 quum
615 659 635 698 in
654 658 729 698 deliciis
747 659 821 709 vivunt,

64 725 144 765 Domini
159 728 190 766 sui
206 728 359 778 obliviscuntur;
382 740 442 779 quum
457 731 524 767 antem
541 727 674 767 destituuntur
692 727 821 778 necessariis,

64 793 169 836 Dominum
185 801 302 849 agnoscunt.
332 796 357 837 Et
373 795 453 848 quidem
469 807 555 848 porcus,
572 795 651 849 quando
667 796 765 846 comedit,
782 795 822 837 do-

64 864 137 905 minum
148 877 189 906 non
200 867 267 916 novit3
283 866 363 919 quando
379 870 445 905 autern
461 865 529 916 esurit,
546 865 627 915 clamat;
645 869 664 905 et
675 869 756 918 accepta
768 876 821 915 esca,

64 934 136 974 iterum
151 939 209 975 tacet.
239 935 282 975 Nec
297 934 446 985 nrortducabis,
468 934 543 987 inquit,
560 935 664 988 aquilum,
682 948 747 987 neque
763 935 821 975 occi-

62 1004 150 1054 pilrem,
167 1017 233 1057 neque
247 1005 341 1054 mileum,
358 1017 425 1056 neque
441 1017 533 1045 coucam.
563 1004 609 1045 Non
623 1004 752 1056 adhaerebis,
769 1004 821 1054 dicit,

63 1070 119 1113 2nec
129 1073 198 1114 similis
210 1074 249 1114 eris
260 1074 283 1113 iis
294 1073 414 1125 hominibus,
430 1075 464 1126 qui
479 1077 571 1115 nesciunt
582 1075 619 1115 sibi
630 1074 701 1115 labore
712 1086 735 1114 ac
746 1074 821 1114 sudore

64 1154 135 1194 parare
147 1143 226 1195 victum,
242 1142 278 1183 sed
290 1143 354 1183 aliena
367 1143 447 1196 rapiunt
462 1144 529 1196 inique
534 1157 541 1194 ,·
558 1141 595 1183 ³et
608 1155 668 1196 quum
683 1142 788 1183 uideantur
800 1142 821 1181 in

64 1211 189 1264 simplicitate
209 1213 321 1264 ambulare,
341 1216 407 1253 tamen
423 1213 465 1253 aliis
480 1213 604 1254 insidiantur.
636 1211 680 1253 lm
695 1224 743 1253 aves
762 1213 820 1263 istae,

65 1279 111 1320 dum
124 1282 202 1322 otiosae
215 1281 293 1333 sedent,
310 1286 415 1334 quaerunt,
429 1281 530 1334 quomodo
544 1283 619 1322 alienas
631 1292 703 1321 carnes
715 1281 820 1330 devorent,

64 1355 151 1403 suntque
162 1351 181 1391 in
192 1350 264 1392 malitia
280 1362 316 1391 sua
332 1349 446 1403 pestilerae.
472 1351 514 1391 Nee
526 1349 672 1400 inandnccbis,
689 1349 758 1402 inquit,
775 1361 821 1388 inru-

64 1433 158 1469 rocnem,
172 1434 238 1473 neque
251 1420 358 1473 polypum,
374 1433 441 1472 necque
456 1421 541 1472 sepiam.
567 1420 619 1471 Non,
636 1420 705 1472 inquit,
721 1418 821 1458 adhaere-

62 1489 99 1540 bis,
115 1501 154 1530 nec
165 1490 233 1530 similis
245 1490 285 1529 eris
296 1489 410 1543 hujusmodi
424 1489 544 1541 hominibus,
560 1489 624 1542 quiin
635 1493 754 1542 perpetuum
767 1488 820 1539 impii

62 1564 121 1610 sunt,
137 1564 157 1600 et
170 1560 194 1600 ad
208 1563 293 1600 mortem
306 1563 352 1599 sunt
366 1558 473 1611 adjudicati
477 1573 484 1609 3
502 1558 668 1612 quemadmodum
679 1558 711 1598 isti
724 1557 820 1610 pisciculi,

62 1628 101 1668 soli
112 1628 216 1679 maledieti,
228 1628 247 1668 in
260 1627 360 1681 profundo
372 1623 492 1679 volutantur,
509 1640 548 1668 nec
558 1632 579 1668 ut
589 1628 661 1681 reliqui
674 1628 740 1680 pisces
752 1639 821 1667 emer-

62 1702 119 1750 gunt,
136 1696 204 1737 sedin
219 1701 278 1748 terra,
295 1708 346 1749 qnae
362 1697 381 1735 in
395 1696 496 1748 profundo
511 1698 570 1737 uraris
583 1702 620 1748 est,
637 1697 718 1751 degunt.
745 1696 786 1738 Sed
801 1699 821 1736 et

63 1766 160 1816 leporem,
177 1766 246 1818 inquit,
263 1778 306 1805 non
322 1765 422 1804 comedes.
449 1766 597 1813 Quamobrem?
622 1764 658 1805 ⁵1c
674 1770 710 1815 est,
727 1777 768 1805 non
780 1766 820 1804 eris

61 1846 169 1886 puerorum
185 1839 301 1887 corruptor,
323 1846 361 1874 nec
376 1834 460 1874 similem
476 1839 495 1874 te
513 1835 584 1874 talibus
600 1834 688 1883 elficies;
705 1830 820 1885 ⁶quoniam

61 1904 118 1956 lepus
132 1904 188 1944 annis
205 1904 289 1958 singulis
305 1915 364 1943 annm
380 1903 500 1956 multiplicat.
533 1904 586 1951 Quot
606 1903 658 1944 enirn
679 1913 743 1944 annos
765 1903 820 1954 uiuit,

62 1977 91 2013 lot
106 1973 166 2014 hahet
181 1974 283 2014 foramina.
310 1974 351 2014 Sed
365 1986 404 2014 nec
418 1974 523 2026 hyaenam
538 1972 682 2015 rnondacalris.
712 1972 757 2013 Non
774 1972 820 2023 cris,

62 2043 132 2095 inquit,
149 2043 231 2095 adulter,
247 2056 314 2096 neque
326 2048 433 2096 corruptor
446 2056 562 2097 puerorum,
578 2056 645 2097 neque
656 2043 727 2083 talibus
739 2044 820 2083 assimi-

61 2113 140 2155 laberis.
167 2114 251 2162 Quare?
282 2114 332 2163 Quia
348 2113 399 2154 istud
416 2113 487 2154 animal
503 2113 603 2154 annuatim
620 2124 691 2154 sexum
707 2115 781 2164 mutat,
801 2116 821 2153 et

62 2184 189 2235 inclamas,
206 2183 264 2224 modo
281 2182 353 2223 femina
368 2188 404 2223 est.
431 2183 470 2225 Sed
486 2187 505 2223 et
518 2184 620 2224 mustelam
633 2184 688 2236 justo
705 2182 751 2223 odio
768 2193 820 2235 pro-

61 2258 143 2302 secutus
159 2258 194 2294 est.
226 2252 352 2303 Dissimilem,
369 2253 444 2306 inquit,
459 2257 479 2293 te
495 2253 601 2306 praebebis
618 2252 665 2293 viris
682 2251 730 2303 illis,
751 2248 820 2305 ⁷quos

62 2321 205 2364 audimusore
220 2323 298 2376 impuro
314 2323 420 2376 nequitiam
436 2327 516 2376 patrare
522 2337 528 2373 ;
547 2335 585 2365 nec
597 2322 721 2383 adhaerebis
739 2322 820 2375 impuris

62 2460 126 2493 tionem
139 2460 248 2505 allegoricam
267 2462 317 2494 etiam
330 2461 374 2505 apud
388 2459 430 2494 Cle·
450 2468 491 2505 quot
503 2463 540 2496 siat
552 2462 634 2505 corporis
651 2470 737 2495 cavernae
749 2461 772 2494 ad
783 2472 819 2495 em-

61 2522 135 2550 inentem
145 2518 193 2552 Alex.
202 2518 300 2563 Paedagog.
309 2518 337 2551 lib.
347 2518 367 2551 ll.
377 2529 392 2551 c.
403 2518 430 2551 lo.
450 2525 538 2553 crementa
551 2519 613 2562 lepori,
628 2518 697 2551 totidem
710 2528 766 2552 critice
779 2529 820 2552 esee

61 2573 144 2617 reperies,
158 2578 186 2619 qui
196 2587 233 2610 eam
243 2588 252 2610 e
262 2576 349 2610 Barnabae
359 2576 431 2622 epistola
449 2578 518 2611 aetatis.
543 2578 601 2617 litem,
617 2580 709 2619 utramque
725 2576 762 2609 ciui
778 2576 819 2609 sirt-

62 2631 141 2665 sumsisse
153 2632 227 2668 videtur.
335 2661 338 2665 .
449 2636 498 2680 pulis
516 2635 586 2676 inesco,
604 2644 624 2668 ac
642 2634 682 2667 sine
698 2643 748 2666 mmo
765 2644 820 2678 aeque

59 2713 60 2716 η
86 2688 106 2730 6)
116 2689 165 2732 Apud
173 2689 251 2735 Plinium,
260 2693 300 2727 hist.
308 2698 343 2727 nat,
352 2691 382 2726 lib.
389 2692 431 2727 Vlll.
450 2695 526 2738 pipnerc.

63 2758 78 2781 c.
87 2748 108 2781 55
117 2746 201 2793 legimus:
214 2751 313 2786 Archelaus
325 2756 388 2786 auctor
396 2758 430 2796 eet,
473 2751 493 2794 7)
506 2748 602 2784 Fellatores
611 2753 627 2783 et
636 2747 734 2783 lellatriccs.
754 2750 818 2783 Gonni.
