1765 2987
178 213 270 250 HERdlAE
283 213 374 249 PASTOR.
399 215 464 250 LIBER
476 215 504 251 Ill.
530 214 653 251 stantialis.
753 211 797 256 433

40 321 166 366 omnesdies
182 322 235 363 vitae
252 333 308 374 suae,
325 322 395 363 eodem
411 335 483 365 sensus
499 329 576 365 tenore.
603 323 727 376 Quicumque
743 333 794 376 ergo

39 391 209 449 permanserinl,“
232 392 307 445 inquil,
329 392 393 444 „sicut
408 393 506 446 infantes⁷
525 405 565 434 non
582 392 679 434 babentes
695 391 794 443 malitiam,

40 461 199 502 ¹honoratiores
216 466 275 502 erunt
290 462 381 503 omnibus
397 464 442 515 illis,
459 474 509 516 quos
523 464 564 516 J'am
581 463 627 502 dixi.
656 463 730 503 Omnes
743 461 796 501 enim

38 531 123 573 infantes
139 530 232 571 honorati
243 534 289 572 sunt
299 531 351 584 apud
362 532 473 584 Dominum,
489 537 509 572 et
519 532 577 586 primi
587 532 690 573 habentur.
716 531 795 572 Felices

40 613 89 654 ergo
105 611 150 652 vos,
167 600 286 654 quicumque
301 602 427 643 removeritis
444 602 535 643 malitiam
550 615 561 642 a
576 602 641 653 vobis,
658 607 678 642 et
690 601 795 642 indueritis
847 650 852 654 ,

38 670 183 720 innocentiam3
209 672 255 723 quia
280 671 337 724 primi
362 672 454 712 videbitis
479 671 564 712 Deum.“
601 671 707 723 Postquam
733 670 796 710 finivit

40 740 125 782 omnium
141 740 235 780 montium
252 740 422 793 explanationem,
444 740 489 780 dico
506 741 535 780 ei:
559 739 669 792 ‚‚domine‚
686 751 740 779 nunc
756 751 796 778 ex-

39 823 92 864 pone
111 809 159 850 mihi
179 809 204 849 de
224 810 322 863 lapidibus
342 810 386 862 his,
408 808 461 861 ²qni
483 809 535 849 allati
556 821 583 848 ex
604 820 674 862 campo
695 808 796 848 inlocum

38 879 197 931 reprobatorum,
214 878 238 918 ad
254 883 373 919 structuram
390 879 449 920 turris
465 879 519 919 missi
531 883 587 928 sunt;
604 879 650 918 item
662 878 686 919 de
697 877 799 931 lapidibus,

39 948 77 988 illis
92 948 194 1000 rotundis,
218 948 287 1001 quiin
303 953 424 990 structuram
438 948 498 989 turris
514 948 587 1003 adiecti
603 953 660 1001 sunl,
682 952 702 989 et
717 947 742 988 de
758 947 795 1001 liis,

40 1017 72 1070 qui
88 1016 152 1058 adhuc
167 1018 248 1059 rotundi
263 1018 423 1059 1·emanserunt.“

97 1086 169 1127 XXX.r
191 1087 257 1139 „Audi
272 1089 345 1139 nunc‚“
362 1089 437 1141 inquit,
457 1087 496 1139 „de
512 1087 615 1140 lapidibus.
647 1087 684 1135 Qui
700 1087 754 1126 allati
770 1086 795 1127 de

40 1168 109 1210 campo
125 1157 145 1196 in
161 1160 280 1198 structuram
296 1157 355 1198 turris
371 1157 429 1211 positi
441 1160 486 1197 sunt
498 1170 567 1199 eorum
577 1156 630 1208 loco,
647 1157 680 1209 qui
693 1156 795 1210 reprobati

40 1231 102 1278 erant,
118 1226 196 1268 radices
212 1232 258 1268 sunt
273 1228 324 1268 illius
341 1225 435 1284 3candidi
451 1228 528 1268 montis.
560 1227 624 1275 Quium
642 1227 703 1281 igitur
718 1215 748 1277 hig
761 1227 795 1278 qui

40 1295 65 1335 dc
80 1296 114 1336 illo
130 1299 198 1336 monte
214 1296 348 1347 crediderunt,
364 1297 410 1337 faeti
426 1301 472 1336 sunt
486 1297 613 1347 innocentes,
627 1296 686 1348 jussit
703 1295 795 1336 dominns

41 1365 83 1419 ejus
100 1366 160 1406 turris
177 1377 224 1418 em,
246 1366 280 1418 qui
296 1366 321 1406 de
336 1366 436 1407 radicibus
452 1366 525 1406 montis
542 1369 620 1416 essent,
640 1365 659 1404 in
676 1368 794 1406 structuram

40 1434 140 1476 collocari.
170 1435 269 1476 Intellenit
281 1437 339 1488 emm,
355 1438 372 1477 si
383 1437 407 1476 ad
419 1436 577 1477 aedificationem
588 1436 664 1486 iissent,
679 1434 794 1487 splendidos

39 1505 83 1546 illos
94 1508 244 1559 permansuros,
255 1518 294 1546 neo
303 1506 365 1546 ullum
377 1506 402 1546 de
414 1506 444 1546 bis
455 1506 538 1558 amplius
548 1504 699 1558 denigrandum.
718 1503 796 1552 Quodsi

40 1575 66 1614 ita
82 1575 107 1615 de
123 1576 208 1616 caeteris
219 1576 318 1616 montibus
330 1575 442 1628 adjecisset,
459 1587 499 1616 non
510 1586 597 1615 necesse
610 1573 714 1615 habuisset
724 1585 796 1615 rursus

39 1645 121 1685 uisitare
142 1657 186 1685 eam
204 1645 273 1685 turrim
294 1649 354 1697 alque
374 1657 468 1699 purgare.
499 1644 523 1684 Hi
540 1648 605 1684 autem
623 1655 693 1685 omnes
710 1644 795 1695 candidi,

37 1703 124 1770 juvenes
141 1718 192 1766 sunl,
209 1715 242 1768 qni
257 1713 391 1767 crediderunt,
408 1719 428 1755 et
442 1714 475 1767 qui
489 1713 584 1755 credituri
595 1717 640 1754 sunt
645 1728 651 1765 3
668 1711 711 1754 lex
722 1713 794 1755 eodem

39 1783 91 1824 enim
106 1797 184 1839 genere
200 1789 251 1825 sunt.
277 1784 335 1824 Felix
350 1784 389 1825 boc
404 1795 476 1838 genus,
494 1785 539 1836 quia
555 1785 663 1824 innocuum
678 1789 714 1824 est.
741 1783 795 1825 Audi

38 1864 91 1894 nuno
107 1858 127 1894 et
143 1853 167 1894 de
183 1854 221 1895 illis
236 1853 327 1895 rotundis
343 1853 440 1908 lapidibus
460 1857 480 1893 et
494 1853 611 1906 splendidis.
642 1853 667 1894 Hi
683 1865 753 1894 omnes
770 1853 795 1895 de

38 1921 78 1963 hoc
94 1923 179 1965 candido
195 1929 263 1966 monte
279 1928 330 1965 sunt.
363 1924 429 1972 Quare
445 1927 511 1964 autem
527 1921 626 1963 ⁵rotundi
647 1928 694 1964 sunt
713 1923 795 1976 reperti,

39 2003 98 2034 causa
115 1997 156 2045 est,
173 1993 220 2047 quia
236 1993 317 2035 divitiae
333 2004 382 2034 suae
397 1993 442 2034 illos
458 1992 549 2045 pusillum
568 1981 581 2032 a¹
594 1992 680 2033 veritate
696 1993 795 2034 obscura-

39 2068 111 2104 verunt
126 2068 186 2118 alque
202 2065 358 2107 obfuscaverunt
364 2078 370 2114 3
390 2063 426 2104 sed
447 2062 517 2103 aDeo
536 2073 642 2115 numquam
657 2066 796 2115 recesserunt,

38 2141 76 2172 nee
93 2132 151 2174 ullum
168 2133 338 2176 verbummalum
354 2133 454 2188 processit
474 2132 499 2173 de
520 2144 556 2174 ore
576 2144 657 2186 eorum,
679 2132 716 2174 sed
732 2133 796 2175 omnis

39 2202 136 2255 aequitas,
152 2204 215 2244 virtus
231 2209 251 2245 et
266 2204 347 2244 veritas.
378 2203 454 2244 Horum
470 2214 520 2257 ergo
537 2206 623 2242 mentem
638 2215 697 2257 quum
713 2202 797 2243 vidisset

38 2268 141 2325 Dominus,
157 2276 177 2314 et
192 2284 253 2327 posse
270 2285 306 2316 eos
322 2275 400 2315 veritati
414 2273 491 2326 favere,
505 2273 565 2329 Jnssit
576 2274 641 2315 bonos
653 2286 734 2328 quoqne
744 2285 795 2326 per-

62 2417 79 2458 il
97 2419 115 2454 ln
132 2420 245 2457 similitudine
262 2429 323 2458 octava
337 2423 408 2459 Hermas
450 2424 468 2467 4)
482 2424 509 2458 Se.
523 2436 543 2459 en
556 2424 616 2458 eodem
632 2432 698 2467 genere
712 2432 749 2455 cum
766 2422 794 2455 in-

38 2480 147 2522 ritortpribus
159 2482 222 2524 primas
235 2487 292 2527 partes
305 2482 368 2515 tribuit.
426 2481 499 2516 dantibus
511 2483 569 2526 capitis
581 2480 708 2521 antecedentis,
722 2480 732 2512 i.
745 2490 759 2513 e.
774 2491 794 2513 ex

61 2533 82 2579 2)
95 2536 138 2570 Vide
150 2548 200 2582 supra
215 2551 229 2573 c.
243 2541 258 2573 6.
425 2550 490 2585 genere
502 2539 615 2572 innocentiae.

61 2592 80 2636 3]
94 2593 121 2627 Se.
135 2597 196 2629 montis
210 2597 312 2631 duodecimi.
337 2597 364 2631 Ad
378 2609 407 2631 ra·
449 2598 467 2638 5]
480 2596 523 2629 Vide
541 2606 590 2639 supra
607 2605 622 2627 c.
635 2596 651 2627 6.
668 2607 685 2638 p.
698 2595 737 2627 414.
766 2595 793 2628 De

38 2647 83 2683 dices
100 2650 150 2694 hujus
166 2655 227 2687 montis
243 2656 269 2688 siti
282 2661 330 2689 erant
343 2655 407 2699 lapides
425 2653 508 2698 lapidibus
522 2655 616 2695 molimdis,
636 2653 667 2686 cfr.
680 2652 714 2687 Vis.
726 2652 759 2695 ΠΙ,
777 2652 793 2687 6.

37 2704 72 2748 illi⁷
93 2708 114 2742 de
133 2720 193 2754 campo
213 2711 264 2745 allati.
290 2712 408 2757 significantur
426 2710 460 2744 cfr.
473 2722 541 2755 qnoque
555 2711 576 2743 de
588 2709 685 2752 hujusmodi
697 2710 794 2745 hominihus

37 2761 120 2807 lapidibus
133 2766 166 2801 illis
176 2769 254 2811 juvenes·
266 2771 373 2806 isteaccemes.
425 2767 476 2802 Simil.
490 2767 537 2812 VIII,
552 2768 578 2801 10.

71 2817 115 2861 Patres
124 2839 167 2869 apost.
179 2836 200 2863 ed.
211 2837 234 2864 lv.
624 2826 652 2870 28
