1765 2987
198 175 321 212 Bnnnnnnn
334 175 446 211 ΕΡΙΞΤΟΒΑλ
465 176 507 212 XVI.
521 176 572 211 XVII.
585 175 644 210 XVIII.
657 175 700 209 XIX.
801 177 830 218 45

70 280 170 340 nunquam
186 298 253 340 neque
268 284 354 327 audierit
369 297 414 326 enm
429 286 474 328 talla
491 288 552 328 verba
568 284 747 334 presumentem,
763 294 830 335 neque

73 358 132 413 ¹ipse
154 356 199 398 talia
220 356 290 397 andire
311 356 463 398 desideraverit.
494 358 536 400 Hoc
559 360 589 399 est
613 355 706 410 templum
728 353 831 408 spirituale

70 429 155 471 Dommo
172 431 313 470 constructum.

257 554 316 595 XVll.
346 555 449 608 Epilopus
463 557 535 608 pariis
550 555 638 607 primae.

128 636 227 684 Quantum
241 636 311 689 poluit,
328 641 348 676 et
363 637 406 677 sine
418 638 540 679 obscuritate
550 637 614 690 potuit
627 634 701 677 2vobis
712 637 828 689 monstrari,

69 719 116 762 spes
128 707 174 747 mihi
188 711 229 760 est,
244 719 281 761 pro
295 706 361 748 studio
374 720 419 748 meo
434 720 465 747 me
479 708 527 748 nibil
539 706 631 748 omisisse
646 718 722 758 eorum,
741 718 792 759 quae
805 707 829 747 ad

69 781 155 819 vestram
171 777 253 818 salutem
269 781 371 830 spectant,
393 789 485 830 quaeque
502 781 548 818 sunt
568 774 708 829 ³praesenna.
740 776 760 818 Si
777 777 829 817 enim

69 848 94 889 de
105 847 176 889 fatuus
188 849 289 902 scripsero
300 848 366 899 vobis
377 860 418 888 non
429 847 556 902 intelligetis;
574 845 667 899 quurriam
678 847 698 887 in
710 846 828 888 abscondito

67 919 154 973 positum
171 923 208 959 est.
238 917 262 958 Et
277 917 328 958 haec
343 916 422 970 paridem
439 916 463 959 ad
479 917 532 959 bunc
548 916 634 958 modum.

105 1017 109 1025 l
151 1046 218 1089 XVIII,
248 1045 312 1087 PARS
329 1045 351 1086 ΙΙ,
366 1044 515 1087 EPISTOLAE.
545 1046 578 1087 Dc
595 1045 678 1086 daubus
693 1044 744 1085 ciis.

126 1130 259 1170 Transeamus
272 1131 337 1169 antem
351 1132 370 1169 et
383 1128 407 1168 ad
423 1128 505 1169 alteram
521 1128 656 1183 cognitionem
671 1131 732 1180 atque
749 1126 827 1168 doctri-

66 1212 117 1241 nam.
147 1199 203 1240 Duae
223 1203 270 1240 sunt
288 1191 336 1239 ¹viae
361 1198 464 1239 doetrinae
486 1211 510 1239 ac
531 1194 665 1250 lpotestatis:
691 1194 749 1237 ⁵nna
770 1197 828 1250 lucis,

67 1269 130 1308 altera
146 1269 279 1308 tenebrarum.
304 1267 421 1308 Differenlia
436 1279 486 1307 vero
502 1268 561 1308 mulla
578 1267 660 1307 duarum
675 1267 759 1306 viarum.
791 1268 828 1308 Uni

67 1336 165 1391 siquidem
184 1337 295 1391 praepositi
316 1342 362 1378 suni
378 1336 445 1390 angeli
461 1336 498 1376 Dei
514 1337 579 1377 lucem
597 1336 750 1389 praeferentes,
771 1335 829 1377 alteri

66 1419 116 1448 vero
133 1403 216 1460 tangeri
229 1407 321 1449 Satanae.
352 1407 383 1446 Ac
398 1406 432 1446 ille
448 1406 528 1458 quidem
540 1407 637 1446 Dommus
654 1411 707 1447 esta
721 1406 795 1447 seculis
807 1407 827 1447 in

67 1477 146 1528 secula;
163 1477 195 1518 hio
211 1481 276 1518 antem
291 1478 385 1530 princeps
401 1476 497 1529 temporis
513 1476 581 1528 iniqui.

324 1603 376 1644 XIX.
405 1603 436 1643 De
455 1604 492 1644 oie
508 1605 568 1645 lucis.

125 1686 161 1726 Via
173 1685 234 1739 igitur
246 1684 296 1724 lucis
310 1683 359 1725 baec
374 1688 410 1724 est.
437 1685 458 1726 Si
471 1687 515 1737 quis
531 1682 599 1737 ⁷capit
609 1684 718 1737 pervenire
729 1683 753 1724 ad
764 1697 827 1737 prae-

65 1756 140 1796 smitum
155 1755 234 1805 locum,
250 1754 291 1794 suis
309 1755 403 1806 operibus
417 1754 437 1794 id
451 1757 548 1809 consequi
564 1755 649 1796 studeat.
676 1755 769 1808 Cognitic
786 1756 827 1796 ila-

17 1845 19 1847 ·
66 1838 106 1878 qne
127 1824 185 1865 nobis
209 1823 254 1864 dala
274 1824 295 1863 in
315 1823 353 1864 bac
375 1825 406 1865 via
428 1825 541 1866 ambulandi
563 1812 662 1877 eJusmcdi
675 1828 718 1864 est.
749 1823 826 1878 Diliges
852 1859 856 1863 .

66 1899 180 1935 creatorem
195 1899 260 1944 tuum⁷
282 1893 346 1947 gloria
368 1893 444 1933 afficies
464 1883 520 1946 eum,
543 1895 576 1947 qui
591 1892 677 1933 redemit
693 1897 713 1933 le
729 1905 740 1933 a
755 1899 826 1934 morte.

65 1964 110 2005 Eris
124 1962 186 2004 corde
199 1963 285 2016 simplex
298 1967 318 2003 et
329 1963 399 2017 spiritu
413 1963 476 2003 dives.
502 1964 547 2005 Non
562 1962 681 2003 adhaerebis
696 1962 720 2003 ad
734 1974 777 2014 eos,
793 1964 827 2016 qui

65 2034 194 2074 inceduntur
211 2034 243 2073 via
259 2033 335 2073 mortis.
366 2029 438 2073 8Ollio
458 2032 540 2074 habebis
561 2036 691 2086 perpetrare,
713 2032 766 2085 quod
782 2032 826 2073 Deo

65 2115 107 2145 non
123 2103 200 2156 placet,
219 2102 266 2143 odio
282 2102 356 2143 babeas
374 2115 452 2143 ornnem
468 2102 621 2143 simulationem.
652 2101 683 2156 Ne
699 2101 826 2153 derelinquas

66 2172 157 2214 mandata
170 2172 255 2213 Domini.
282 2167 328 2211 ⁹Te
343 2172 407 2224 ipsum
420 2184 461 2212 non
477 2172 585 2223 exaltabis,
602 2171 642 2212 eris
658 2176 724 2211 autern
740 2170 826 2212 humilis.

66 2243 112 2284 Non
124 2253 214 2282 assumes
225 2241 259 2280 tibi
270 2240 361 2294 gloriam.
387 2241 433 2281 Non
445 2241 512 2294 capies
524 2241 595 2282 malum
609 2241 714 2282 consilium
727 2239 826 2281 adversus

66 2312 178 2365 proximum
189 2314 249 2351 tuum.
275 2309 320 2350 Non
332 2310 387 2351 dabis
402 2311 478 2351 animae
492 2311 625 2352 insolentiam.
652 2307 826 2352 ¹⁰n0nror1nca-

66 2450 114 2484 malis
135 2449 208 2494 (angelis
229 2453 247 2482 et
265 2441 385 2493 daemonibus)
405 2448 435 2482 lo·
477 2448 496 2491 7)
509 2448 618 2492 Participium
630 2447 670 2482 loeo
682 2445 733 2481 verbi
745 2446 793 2490 liniti¹
806 2451 825 2481 ul

67 2508 128 2552 quitur.
454 2517 504 2550 supra
517 2518 533 2551 p.
548 2507 575 2540 13.
589 2511 625 2540 not.
640 2506 667 2540 17.
707 2516 709 2518 ·

91 2564 110 2608 5]
128 2564 175 2597 Haec
191 2564 250 2599 laudat
262 2564 333 2609 Oripcn.
346 2563 368 2596 de
381 2565 435 2607 princ.
478 2565 496 2608 8)
510 2561 823 2606 EademinConst.rlposl.Vll,14.

66 2623 78 2656 l.
91 2622 119 2656 Ill.
133 2633 148 2654 c.
162 2623 178 2656 2.
192 2634 209 2656 n.
223 2624 239 2656 4.
256 2627 274 2655 et
287 2620 323 2654 Lib.
336 2620 349 2655 I.
362 2621 434 2666 Explan.
478 2622 497 2667 9)
511 2622 569 2656 Consi.
581 2622 641 2665 Aposl.
654 2619 690 2662 Vll,
703 2620 720 2652 8.

66 2683 84 2715 in
96 2680 129 2724 Ep.
142 2680 164 2713 ad
176 2678 226 2713 Rom.
239 2679 252 2722 Ι,
266 2680 294 2712 24.
467 2680 497 2724 1ὓ)
510 2679 568 2714 Const-
583 2678 643 2722 Aposl.
656 2676 692 2720 Vll,
704 2677 721 2712 2.

90 2738 110 2783 6)
124 2737 158 2772 crr.
171 2736 186 2770 Il
195 2737 233 2771 Cor.
247 2737 277 2781 12,
290 2737 307 2771 7.
