1789 2987
684 166 689 178 l

73 186 104 221 ru
126 171 131 175 '
367 180 540 219 ruotrnonann.
718 182 833 231 [arrsroua

74 298 167 334 notantur
183 285 386 348 [ψευδεπίγραφοι]
417 291 558 347 Hieronymum
575 292 638 346 priori
654 304 715 347 sensu
730 293 833 334 Barnabae

75 363 177 418 epistolam
200 355 334 416 apocrypham
357 362 471 415 appellasse
492 368 556 418 patet,
584 376 643 417 quum
666 376 708 403 eam
731 363 833 405 Barnabae

74 434 154 486 quidem
169 432 276 485 adscribat,
293 436 311 472 et
327 432 454 474 nibilominus
467 435 519 474 inter
531 435 657 489 apocryphas
669 435 777 487 scripturas
790 446 833 474 eam

73 504 144 543 lectam
161 515 207 544 esse
224 503 337 545 contendat.

133 574 255 614 Testimonia
269 575 330 628 igitur
343 573 464 626 scriptorum
475 576 600 627 antiquorum
612 575 725 616 audientiae
737 574 833 629 epistolae

74 643 144 685 favere
160 657 220 685 nemo
236 645 324 700 negabit.
349 644 481 685 Nihilominus
497 658 538 686 non
553 646 631 686 leuibus
646 646 694 687 moti
710 646 834 700 argumentis

75 728 119 756 eam
135 716 246 769 apostolico
262 717 306 757 viro
323 715 474 770 abjudicandam
491 727 603 757 censemus.

132 785 154 828 ,1.
171 786 192 828 Si
208 786 292 840 epistola
308 791 377 826 nostra
393 787 416 826 ab
432 786 518 839 antiquis
534 799 570 840 pro
587 786 699 828 authentica
714 786 786 828 luisset
798 800 834 828 re-

75 859 154 909 putata,
175 861 230 897 certe
246 857 298 897 inter
313 856 375 896 libros
392 857 500 898 canonicos
518 870 542 897 ea
557 857 673 911 legeretur3
693 858 745 898 sicut
760 857 834 912 Augu-

75 927 139 967 stinus
151 926 176 967 de
187 926 314 980 Apocryplris
325 925 420 966 Andreae
432 930 451 967 et
461 925 545 968 Joarmis
557 927 615 968 dicit:
630 929 649 968 si
660 928 745 969 illoram
756 924 833 979 essent,

74 1003 160 1049 recepto
176 1003 245 1037 assent
260 996 286 1036 ab
302 996 393 1037 ecelesia
407 994 431 1050 Ι).

72 1100 75 1104 ,
135 1067 154 1108 2,
176 1066 285 1119 Epistolam
307 1070 395 1106 nostram
412 1070 464 1118 post
483 1066 610 1107 eversionem
626 1066 778 1121 Hierosolpmae
795 1055 834 1107 erc-

75 1141 149 1176 aratam
168 1148 226 1187 esse,
249 1148 276 1175 ex
291 1148 333 1187 cap.
352 1133 377 1175 16
394 1134 453 1175 facile
470 1137 580 1189 conjicitur.
612 1135 652 1176 Sed
672 1148 733 1189 supra
752 1149 770 1190 p.
786 1136 835 1177 Vlll.

73 1206 101 1246 lit.
115 1204 134 1259 Ι)
150 1206 243 1258 vidimus,
259 1205 369 1245 barnabam
386 1203 430 1245 sine
446 1204 506 1245 dubio
522 1208 569 1246 tuuc
584 1205 680 1259 temporis
696 1218 736 1247 nou
752 1206 835 1261 amplius

74 1277 94 1317 in
110 1277 160 1317 riuis
177 1277 265 1329 degisse.
744 1286 749 1293 ¹

134 1344 153 1387 3.
177 1345 245 1399 Capite
256 1343 268 1386 5
281 1343 374 1398 Apostoli
384 1340 438 1400 liudp
449 1345 521 1384 πᾶσαν
531 1336 638 1400 ἁμαρτίαν
648 1337 779 1402 ἆνομιῦτεροι
795 1359 835 1387 vo-

75 1420 151 1458 eantur.
178 1416 233 1455 Talia
244 1415 360 1465 barnabam,
375 1413 519 1468 Apostolorum
530 1415 614 1465 socirun,
629 1414 704 1455 dixisse
715 1416 750 1456 vix
760 1422 835 1469 putem.

74 1488 114 1528 Ista
130 1492 196 1527 antem
209 1485 320 1538 hyperbole
333 1484 468 1537 multomagis
480 1483 563 1524 secundi
574 1484 637 1524 seculi
648 1485 751 1527 rhetorem
762 1486 834 1539 prodit.

134 1554 154 1597 q,
176 1556 232 1604 Quae
244 1556 308 1607 capite
322 1552 348 1594 10
359 1553 482 1593 incredibilia
499 1553 524 1593 de
542 1554 619 1605 lepore,
635 1553 713 1606 tqaena
729 1560 766 1596 ete.
783 1567 834 1608 pro-

75 1627 173 1678 feruntur,
188 1626 252 1679 magis
268 1628 387 1678 nugatorem
403 1623 575 1678 allegorizantem,
593 1636 650 1676 quam
662 1624 782 1677 Apostolum
797 1638 834 1666 re-

76 1696 150 1737 dolent.

43 1813 46 1817 ,
133 1763 153 1806 5.
169 1764 276 1815 Barnabas,
288 1762 321 1811 qui
331 1761 446 1814 provincias
454 1761 515 1803 Asiae
523 1762 606 1804 minoris
617 1768 768 1818 peragraverat,
780 1764 834 1805 mul-

73 1840 147 1888 tosque
158 1847 221 1875 arrnos
232 1834 352 1874 Antiochiae
362 1834 382 1872 in
394 1831 451 1885 Syria
462 1833 547 1883 vixerat,
561 1833 613 1873 bene
625 1838 748 1886 compertum
759 1834 835 1875 babere

75 1906 149 1956 debuit,
166 1904 237 1944 falsum
253 1903 272 1942 id
289 1914 342 1953 esse,
359 1901 412 1954 quod
424 1902 488 1954 capite
499 1900 511 1943 o
524 1901 638 1954 aifirrnatur,
655 1915 724 1944 omnes
735 1903 835 1944 idolorum

75 1975 195 2016 sacerdotes
212 1974 315 2026 Syrosque
331 1983 401 2011 omnes
417 1984 463 2012 esse
480 1972 615 2012 circumcisos.

136 2042 155 2084 6.
175 2043 294 2084 Innumerae
309 2041 420 2094 allegoriae
437 2041 568 2096 nugatoriae,
588 2029 706 2094 praesertim
722 2053 738 2082 o.
756 2040 834 2094 5—11,

76 2115 100 2155 ab
116 2114 150 2155 illo
166 2126 207 2154 uon
222 2117 308 2166 possunt
324 2123 370 2152 esse
387 2112 525 2165 conscriptae,
549 2110 582 2163 qui
603 2114 686 2163 propter
707 2111 835 2164 eloquentiae

42 2231 44 2235 ,
76 2185 170 2226 ardorem
187 2184 210 2223 ab
227 2182 329 2235 Apostolis
345 2188 410 2240 riqiz}
429 2190 458 2233 a}
474 2186 505 2222 est
520 2180 637 2235 appellatus.

136 2264 155 2304 7.
171 2264 243 2312 Quoad
260 2274 329 2304 sacros
345 2262 467 2303 ludaeorum
483 2264 532 2303 ritus
548 2262 597 2302 falsa
611 2261 708 2314 quaedam
719 2263 739 2302 in
751 2262 835 2315 epistola

75 2339 145 2376 nostra
161 2346 178 2374 c.
193 2334 205 2374 7
221 2337 242 2373 et
257 2331 270 2373 8
285 2332 386 2385 leguntur,
403 2346 455 2385 quae
469 2332 563 2373 Lesitana
578 2331 695 2383 Barnabam,
711 2333 745 2385 qui
761 2331 834 2373 diutins

75 2404 223 2458 Hierosolymis
239 2402 324 2453 vixerat,
340 2407 441 2443 auctorem
458 2402 532 2442 babere
548 2413 589 2442 non
604 2406 693 2454 possunt.

136 2473 155 2514 8.
177 2473 266 2526 Epistola
286 2476 354 2512 nostra
374 2473 448 2525 injuste
469 2472 494 2512 de
509 2462 612 2512 ludaismo
629 2471 725 2525 disputat,
747 2471 835 2513 circum-

79 2545 175 2584 cisionem
192 2542 258 2582 earnis
274 2541 433 2595 superstitiosam
450 2537 717 2595 essep1·onuntiat[o.ll],
733 2541 836 2581 sabbatum

77 2614 177 2666 vituperat
193 2610 224 2666 [e.
237 2609 285 2665 15),
301 2612 358 2665 leges
373 2611 436 2652 llosis
452 2624 463 2652 a
479 2611 560 2652 ludaeis
576 2623 616 2652 non
633 2610 657 2650 ad
672 2611 757 2652 litteram
773 2612 836 2652 intel-

101 2691 120 2736 l)
130 2692 187 2726 Contr.
197 2691 312 2726 aduersarium
321 2690 371 2736 Legis
380 2696 397 2725 et
404 2690 447 2725 Pro·
466 2690 555 2735 phocarum
568 2689 581 2732 l,
595 2700 610 2723 e.
621 2689 648 2725 20,
662 2701 678 2724 η,
687 2690 715 2724 39.
729 2691 757 2724 ed.
769 2693 835 2736 illique,

466 2748 484 2783 T.
498 2748 541 2783 Vlll'.
554 2760 570 2793 p.
584 2748 624 2782 626.
