1765 2987
248 206 378 242 urautraton
391 207 407 242 S.
421 208 508 244 tanain.
522 209 549 243 VI.
563 208 598 243 VII.
759 212 801 252 255

43 315 95 356 illico
122 315 185 355 saneti
211 315 303 368 martpis
325 315 396 370 Ignatii
422 317 537 370 Impleretur
564 315 715 368 ¹desirlurium,
742 320 801 370 prout

43 384 137 437 seriptum
154 389 194 424 est:
217 382 363 425 ²desideriuui
373 388 428 437 justi
444 393 475 427 est
491 393 609 440 occeptum
628 392 648 428 ut
664 400 736 440 nempe
753 388 801 427 nulli

42 454 123 494 fratrum
139 454 207 508 gravis
223 453 281 494 fieret
298 455 322 495 ob
334 467 413 496 suarum
425 452 553 509 reliquiarum
565 457 710 507 collectionem,
727 469 799 509 quem·

42 522 147 564 admodum
170 523 224 576 prius
246 524 265 565 in
287 524 369 577 epistola
392 531 505 579 optaverat,
530 539 586 567 suam
610 528 798 567 consummationem

41 594 90 634 tieri.
122 594 181 634 Solae
203 595 255 634 enim
277 594 370 636 duriores
391 601 504 637 sanctarum
526 579 708 649 ejusreliquiarum
732 600 799 648 partes

40 664 122 704 relictae
139 668 158 703 et
173 663 299 704 Antiochiam
315 665 393 707 ablatae
409 671 462 717 sunt,
478 670 538 718 atque
554 665 575 705 in
591 663 671 705 ³Iinteo
688 665 798 718 depositae,

40 738 61 774 ut
77 733 183 773 thesaurus
199 733 354 784 inaestimabilis,
371 736 396 775 ob
411 739 503 788 nrartpris
515 735 597 788 gratiam
609 739 689 775 sanctae
701 734 799 774 ecelesiae

39 803 121 844 relictae
133 800 148 843 4.

138 932 178 972 Vll.
209 931 306 984 lpnntius
321 937 416 973 iiiortaes
432 934 522 985 adparet
537 932 695 974 dormientibus.
758 933 760 936 ”

97 1014 230 1067 Contigerunt
246 1025 295 1053 vero
312 1012 363 1053 baec
378 1028 395 1055 a.
412 1014 431 1055 d.
447 1014 491 1055 XIII
508 1014 605 1055 Calendas
621 1013 737 1065 Ianuarias,
759 1012 798 1054 boo

39 1088 81 1134 est,
102 1084 224 1142 Decembrts
241 1084 348 1138 vigesima,
370 1084 489 1125 Consulibus
511 1086 562 1137 apud
584 1085 686 1125 Romanos
708 1082 798 1123 ⁵iterum

38 1154 88 1196 Sura
110 1159 130 1193 et
152 1154 270 1195 Senecione.
302 1154 377 1194 Horum
400 1166 437 1195 nos
458 1155 496 1207 ipsi
517 1159 640 1208 spectatores
657 1155 714 1205 faeti,
736 1165 796 1205 quum

38 1224 57 1263 in
73 1223 167 1276 lacrymis
184 1228 243 1263 totam
260 1229 340 1264 noctem
357 1225 502 1276 exegissemus,
519 1229 539 1264 ct
554 1226 639 1279 genibus
650 1223 708 1264 lteris
722 1223 797 1263 multa-

38 1305 77 1346 que
101 1293 192 1333 oratione
214 1293 330 1344 Dominum,
355 1297 376 1333 ut
396 1306 433 1334 nos
455 1294 543 1335 infirmos
565 1295 590 1334 de
612 1295 647 1345 iis,
672 1305 723 1346 quae
745 1292 797 1333 laeta

37 1362 127 1412 fuerant,
144 1359 230 1403 ⁶certos
247 1362 334 1413 faceret,
351 1374 442 1403 essemus
458 1364 547 1416 precati,
564 1373 587 1404 ac
603 1362 703 1416 paululum
719 1362 797 1402 obdor-

38 1432 155 1482 missemus;
181 1432 214 1472 alii
230 1432 301 1473 statim
326 1431 436 1472 adstantem
460 1446 504 1474 eum
527 1445 607 1486 nosque
633 1433 797 1484 complectentem

36 1501 132 1554 vidimus,
153 1502 185 1542 alii
206 1514 276 1542 rursus
298 1514 334 1555 pro
351 1503 409 1543 nobis
426 1507 515 1543 orantem
536 1504 615 1543 beatum
630 1502 727 1555 Ignatium
744 1513 797 1541 con-

38 1572 151 1626 speximus,
173 1572 205 1612 alii
221 1583 270 1612 vero
287 1571 362 1613 sudore
378 1573 496 1625 stillantem,
515 1578 608 1626 tanquam
624 1586 634 1613 a
651 1572 712 1613 multo
726 1572 796 1612 labore

38 1642 183 1693 advenientem,
200 1646 259 1694 atque
276 1642 386 1683 adstantem
402 1632 504 1687 Domino·
516 1643 589 1690 vQuum
605 1654 656 1695 ergo
672 1642 734 1682 multo
751 1654 795 1682 cum

37 1711 110 1765 gaudio
127 1711 163 1751 ista
179 1702 305 1762 vidissemus,
322 1717 342 1752 et
358 1713 480 1753 somniorum
496 1714 540 1753 vIsa
553 1712 714 1761 contulissemus,
730 1711 794 1750 Deum

37 1783 126 1824 datorem
147 1784 246 1824 bonorum
264 1783 399 1836 laudavimus,
420 1788 509 1825 sanetum
531 1784 595 1823 virum
616 1782 696 1821 beatum
711 1779 795 1833 praedi-

36 1854 135 1905 cavimus,
159 1854 216 1893 vobis
238 1858 258 1893 et
278 1853 329 1894 illem
351 1859 370 1895 et
391 1860 468 1907 tempus
490 1853 638 1907 significaram,
662 1856 684 1891 ut
704 1855 795 1903 tempore

35 1925 124 1978 martyrii
141 1924 185 1976 ejus
203 1918 367 1964 ⁷oonvenientcs
384 1925 544 1965 communionem
561 1926 650 1962 nostram
666 1919 795 1961 testificemin

35 2005 79 2034 eum
96 1993 168 2033 athleta
185 1996 204 2032 et
219 2005 322 2046 generoso
339 1999 427 2049 martyre
443 1994 528 2045 Cbristi,
551 1993 585 2045 qui
610 1991 735 2032 conculcavit
750 1990 795 2030 dia-

34 2062 102 2104 bolum
118 2066 137 2102 et
154 2062 248 2103 desiderii
265 2064 307 2115 sui,
324 2077 351 2104 ex
367 2077 435 2104 amore
452 2064 524 2104 Christi
539 2062 636 2115 profecti,
659 2073 739 2101 cursum
756 2074 795 2101 ex-

34 2133 107 2186 plevit,
123 2133 142 2173 in
160 2131 238 2173 Ctutsto
254 2131 313 2182 Jesu,
329 2134 415 2180 Domino
431 2138 511 2186 nostro,
530 2144 566 2186 per
583 2143 642 2184 quem
658 2134 738 2170 etcum
753 2142 794 2185 puo

34 2202 86 2243 Patri
95 2197 127 2243 'sit
142 2202 206 2255 gloria
219 2206 238 2241 et
248 2204 337 2254 potentia
348 2216 392 2244 cunr
404 2203 477 2257 Spiritu
488 2208 564 2253 saneto,
581 2202 601 2241 in
617 2200 692 2241 secula.
718 2199 794 2241 Amen!

34 2303 66 2347 99,
80 2304 182 2348 ¹102‚t07;
199 2308 249 2340 Sura
265 2306 312 2339 annis
325 2305 357 2348 98,
372 2305 405 2338 102
447 2306 466 2350 6]
480 2305 492 2338 I.
508 2316 523 2338 e.
541 2309 558 2337 ut
575 2313 606 2337 nos
623 2304 705 2337 certiores
722 2303 794 2343 Iaceret,

34 2367 51 2394 et
70 2362 108 2396 tor.
133 2362 183 2397 Anno
203 2364 254 2408 igitur
274 2362 307 2396 tor
326 2363 405 2397 consules
424 2375 462 2397 num
472 2362 532 2408 Ignatii
545 2362 642 2404 martyrium
653 2360 691 2394 Deo
705 2365 793 2394 essetec-

34 2424 81 2452 erant
99 2419 141 2453 Sura
158 2420 186 2453 III.
205 2426 222 2454 et
240 2420 314 2454 Senecio
331 2421 359 2454 Ill.
386 2422 403 2454 In
423 2426 495 2466 ceptum.
518 2422 610 2454 Cumaeos.

33 2478 119 2519 prioribus
132 2477 234 2511 editionibus
250 2478 365 2522 conjecimus,
385 2477 404 2510 τό
446 2480 466 2523 7)
480 2478 492 2511 I.
506 2489 520 2511 e.
534 2483 552 2510 ut
564 2475 585 2508 w*
597 2475 792 2526 yrzsa'btircsanetimar-

33 2533 109 2578 δεύτερον
126 2541 185 2568 notare
202 2535 247 2568 iIIum
264 2548 326 2570 aunum
345 2537 403 2580 (tor),
423 2536 586 2580 tyriscelebremus.
602 2533 792 2583 EaChrysustomiadf

32 2602 66 2636 quo
87 2596 137 2627 arrabo
158 2593 252 2634 currjvmcti
270 2594 345 2627 secunda
366 2595 403 2627 viee
422 2595 454 2627 huc
472 2592 577 2636 temporibus
596 2602 634 2625 esse
653 2590 750 2633 celebrata,
772 2602 793 2625 ex

32 2650 112 2683 cOnsules
126 2654 178 2683 erant«
201 2649 234 2684 Cfr¹
246 2653 297 2697 Pupi,
312 2650 373 2685 Critiea
386 2652 402 2684 iu
422 2660 500 2685 sermone
513 2647 550 2690 ejus
566 2649 582 2680 iu
596 2647 612 2681 S.
625 2647 708 2692 Ignatium
723 2649 792 2692 perspi-

31 2706 193 2751 Annalesssaronii,
210 2707 231 2741 ad
247 2719 285 2742 ann.
300 2708 339 2742 102.
356 2720 372 2742 n.
387 2708 401 2741 1.
422 2709 479 2740 ctmus.
512 2706 555 2740 Vide
576 2705 668 2751 Cbrpsost.
695 2705 738 2751 Opp.
763 2707 791 2740 ed.

32 2769 49 2798 et
62 2764 101 2799 107.
114 2776 130 2799 11.
145 2765 160 2799 l.
421 2765 478 2799 bluntl.
492 2764 510 2799 T.
523 2764 544 2801 Il.
557 2776 574 2809 p.
588 2764 622 2798 600
634 2775 671 2809 sqq.
