1765 2987
65 169 173 217 HERMAE]
357 170 529 207 ruuuuuolluun.
766 169 824 206 XCVII

124 278 156 321 Ex
170 279 201 323 bis
216 292 266 322 vero
282 279 349 322 verbis
365 278 384 320 id
400 283 474 320 tantum
488 280 590 335 conjicere
604 280 689 322 debebat
701 278 734 321 vir
745 278 823 320 doctis-

64 350 132 403 simus,
148 351 273 405 Hieronymi
284 350 410 402 temporibus
421 350 492 391 librum
504 356 592 393 nostrum
604 351 655 406 apud
666 351 747 393 Latinos
759 361 823 403 paene

63 419 177 474 ignoratum
203 422 272 463 fuisse.
308 420 391 461 Duobus
418 424 482 461 autem
509 422 581 462 seculis
608 426 653 463 ante
678 422 822 475 Hieronymum

1 534 7 539 ,
62 490 149 532 Pastoris
165 492 237 532 librum
253 490 305 544 apnd
321 491 402 531 Latinos
417 491 558 545 pervulgatum
574 491 642 544 fnisse,
659 505 670 533 e
685 492 754 533 verbis
768 491 821 532 Ter-

62 560 138 601 tulliani
153 573 214 614 snpra
229 560 313 602 laudatis
334 565 422 614 apparet.
451 560 518 619 Facile
541 565 605 602 autern
625 562 669 612 fieri
689 566 778 615 poterat,
800 565 821 602 ul

61 630 112 671 liber
123 631 155 671 hic
166 632 312 684 posterioribus
323 632 403 683 seculis,
415 631 426 671 i.
436 644 453 671 e.
465 635 535 684 quarto
548 634 567 671 el
578 632 653 683 quinto,
664 643 676 672 a
687 630 775 681 Graecis,
787 631 821 684 qui

62 712 131 740 verum
143 706 245 742 auctorem
257 702 402 755 incompertum
413 700 526 742 habuerunt
536 701 622 754 viroque
630 700 741 754 apostolico
749 701 820 741 librum

60 770 178 823 tribuerunt,
195 773 277 826 maJ'oris
293 772 432 813 aestimaretur
447 770 534 824 ideoque
545 770 625 824 saepius
636 770 746 823 legeretur,
762 782 820 823 quam

60 840 167 894 abeunte,
185 836 269 895 quorum
285 842 340 883 multi
356 840 427 882 eodem
445 852 516 881 errore
532 841 584 894 capti
599 853 639 882 non
655 839 742 882 fuerunt.

117 911 162 952 Non
184 916 214 952 est
234 913 305 967 igitur,
326 911 380 965 quod
400 910 482 952 fratrem
497 910 526 950 Pii
540 910 554 951 I.
574 911 645 952 librum
660 915 751 952 nostrum
767 922 819 952 con-

59 980 167 1035 scripsisse
187 983 299 1024 dubitemus
313 980 338 1037 ¹).

118 1052 199 1095 Minime
214 1066 276 1106 vero,
298 1065 350 1107 quae
366 1052 390 1093 ab
406 1051 444 1092 illis
460 1051 572 1094 sententiae
589 1054 671 1093 nostrae
691 1051 818 1106 objiciuntur,

58 1126 167 1164 taceamus.
713 1120 715 1124 '

117 1192 141 1249 a)
155 1194 226 1235 Frater
240 1194 269 1234 Pii
283 1194 298 1246 l,
314 1194 374 1248 ajunt,
391 1204 485 1234 sermone
500 1193 573 1245 latino,
591 1205 631 1234 non
647 1204 729 1247 graeco,
745 1192 817 1234 librum

58 1264 218 1317 conscripsisset,
234 1265 308 1317 quippe
325 1264 364 1317 qui,
380 1267 432 1304 teste
447 1263 498 1304 libro
514 1264 621 1316 pontificali
631 1263 718 1315 Damasi,
734 1263 816 1304 natione

57 1333 116 1375 Italus
134 1338 193 1375 esset.
225 1334 264 1377 Sed
275 1333 335 1375 Italos
347 1346 429 1387 quoque
443 1333 487 1375 istis
498 1333 620 1388 temporibus
634 1344 709 1387 graeco
723 1332 816 1374 idiomate

57 1404 175 1458 saepissime
190 1415 238 1444 usos
255 1415 307 1454 esse,
323 1403 382 1457 plane
399 1408 483 1446 constat.

115 1472 142 1529 h)
158 1474 267 1516 Auctorem
283 1474 324 1517 Vis.
339 1474 361 1515 lt.
378 1488 395 1515 c.
411 1472 430 1516 4.
453 1487 476 1516 se
497 1487 593 1516 coaevum
610 1473 715 1515 Clementis
731 1473 815 1515 Romani

56 1545 170 1599 significare
182 1544 285 1585 affirmant.
312 1545 366 1586 Bene
378 1545 456 1598 quidem
461 1560 467 1596 ;
483 1546 521 1587 sed
530 1546 622 1586 Hermam
630 1545 732 1599 juniorem
742 1548 815 1598 poema

56 1615 96 1657 hoc
112 1614 390 1669 apocalyptico-didaelioum
402 1615 430 1670 ²),
446 1615 517 1657 fraude
533 1615 617 1669 quadam
632 1616 674 1668 pia,
690 1619 712 1656 ut
726 1615 816 1656 Montani

55 1696 136 1726 errores
157 1697 182 1726 eo
204 1686 286 1739 gravius
307 1686 483 1739 impugnarentur,
505 1687 581 1728 seniori
597 1686 683 1727 Hermae
702 1685 814 1740 apostolico

55 1756 187 1810 supposuisse
204 1756 341 1797 contendimus
353 1754 381 1810 3).
554 1797 556 1803 f

114 1823 137 1880 c]
154 1825 240 1867 Maxime
251 1812 346 1867 heuneus
353 1825 375 1881 ⁴)
386 1826 497 1880 apostolico
508 1826 593 1868 Hermae
604 1825 739 1867 testimonium
749 1838 813 1880 prae-

78 1928 95 1971 l)
113 1928 180 1962 Librum
199 1928 274 1962 Pastoris
292 1930 353 1963 mediis
371 1930 425 1964 seculi
443 1936 519 1966 nostrum
530 1932 577 1965 luico
585 1930 651 1964 cuidam
660 1929 758 1971 christiano,
771 1940 813 1973 par-

52 1985 124 2020 secundi
142 1986 248 2031 temporibus
265 1986 340 2021 Liiclrius
356 1999 424 2034 quoque
443 1988 487 2022 tibus
496 1991 624 2029 Judoisturnua
632 1987 771 2035 faventiltrihuiss
784 1987 814 2032 qui

53 2045 140 2088 assignat,
158 2046 262 2090 Eiriteitunp
280 2048 299 2079 in
315 2048 342 2080 die
357 2049 423 2093 Offerib.
442 2045 540 2090 paulopost
553 2046 619 2081 initium
631 2046 685 2079 seculi
698 2045 769 2079 secundi
781 2055 813 2089 per

52 2103 143 2148 Juliarnu'c
156 2113 172 2146 p.
183 2101 222 2136 142.
242 2101 260 2135 ln
270 2102 342 2136 eandem
351 2108 422 2137 senten·
441 2103 585 2147 praedicationem
603 2105 720 2150 poeniteutiae
736 2113 812 2136 renova-

51 2161 91 2194 tiam
104 2160 140 2193 iere
153 2165 232 2193 auctores
249 2159 288 2193 libri
306 2159 422 2194 celeberrimi:
441 2161 505 2194 tionem
517 2162 564 2195 vitae
581 2161 709 2196 ecclesiasticae
727 2161 812 2195 adducere

52 2220 136 2264 Ore'pineo
153 2220 174 2253 de
190 2218 259 2263 l'e'ptise
275 2220 370 2261 Monimou,
388 2232 423 2265 pm·
441 2219 530 2253 studuerit.

50 2277 77 2311 leo
95 2279 180 2311 rruernbrec
197 2278 218 2311 de
234 2279 252 2310 lu
267 2276 391 2312 eoorrrnruuoute'
403 2280 423 2312 de
464 2277 484 2321 2)
497 2277 577 2311 Hermam
588 2277 649 2311 librum
661 2277 684 2310 lV
695 2276 811 2311 Esdraeimi-

49 2336 147 2369 Solarium,
172 2332 230 2376 Paris,
245 2333 357 2376 Debe'courl,
370 2334 421 2368 1836.
440 2339 493 2368 tatum
501 2347 539 2369 esse
547 2335 753 2370 contenditlachmannus
760 2346 776 2380 p.
783 2335 810 2369 65.

50 2390 69 2424 Τ.
81 2391 93 2424 l.
106 2403 123 2436 p.
137 2392 176 2425 145.
200 2391 238 2425 Alia
253 2391 322 2436 placent
334 2394 421 2439 Schwep-
441 2391 475 2427 Cir.
488 2392 528 2427 Not.
542 2394 551 2426 6
565 2394 586 2427 ad
599 2394 632 2428 Vis.
646 2394 663 2437 l,
677 2394 693 2427 3.

50 2451 87 2484 lero
100 2448 215 2494 Tubingensi,
234 2451 262 2494 qni
274 2449 362 2483 Pastorem
374 2455 420 2483 tem·
463 2450 481 2493 3)
496 2451 548 2485 Simili
560 2451 610 2485 modo
624 2451 733 2497 conjugatum
753 2456 771 2485 et
788 2451 810 2485 ad

49 2507 120 2551 poribus
139 2506 206 2550 Trajani
226 2519 235 2541 a
253 2507 328 2542 Judaista
347 2508 420 2553 quodam
439 2509 513 2553 inopiam
526 2509 656 2544 redactumetc.
669 2521 687 2543 se
700 2510 752 2554 lingit.
774 2509 808 2543 cfr.

49 2564 295 2610 seuEhiorlitaconscriptum
307 2570 360 2610 putat.
379 2565 420 2602 'Das
439 2566 473 2601 Vis.
486 2566 500 2611 l,
514 2565 530 2600 3.
551 2566 648 2610 vrs.11,t.
670 2566 705 2600 Vis.
717 2566 746 2610 ΙΙΙ,
761 2568 777 2600 6.

48 2625 152 2669 rrucbupost.
161 2625 254 2668 Zeilulter,
266 2622 283 2656 T.
293 2621 305 2656 1.
314 2633 332 2667 p.
340 2622 374 2657 332
382 2635 418 2669 sqq.
461 2625 480 2667 4)
497 2625 541 2659 Mdv.
558 2624 610 2660 Haer.
626 2625 654 2669 Ill,
666 2625 694 2658 20.
713 2636 730 2659 n.
743 2625 760 2659 2.
780 2625 807 2660 ed.

48 2680 83 2725 Ipsi
99 2681 159 2724 partim
176 2681 243 2714 accedit
254 2683 354 2727 Hilpenfeld
367 2682 419 2726 (apo-
439 2682 517 2717 blassuet,

46 2739 87 2774 stol,
95 2738 147 2774 Viter
160 2748 177 2783 p.
187 2738 219 2773 161
229 2744 247 2773 et
256 2738 305 2785 ltu),
318 2740 346 2785 qui
358 2739 420 2774 librum
