1765 2987
192 168 285 204 quanm
297 168 388 205 ensron.
412 171 477 206 oreon
489 171 509 206 ο.
535 172 634 208 ornnem.
647 173 667 208 x.
765 159 807 217 gan

52 283 72 322 et
87 277 198 320 adtonitus
214 279 279 321 multis
295 279 418 334 inuiderunt,
441 287 461 324 et
476 286 600 327 eiraouantur
614 298 624 327 a
640 297 701 328 senso
718 296 767 337 suo,
788 289 808 328 et

51 349 195 392 nihilomnino
211 351 334 405 intelligunt,
357 352 381 392 de
398 352 469 396 divitiis
486 355 604 410 cogitantes.
635 356 674 400 Sed
692 355 806 410 siquando

51 420 149 462 audierint
165 419 190 460 de
206 421 298 473 Domino,
315 435 386 469 sensus
403 436 472 465 eorum
489 425 527 466 ¹in
542 426 629 479 negotiis
648 428 738 480 ipsorum
754 431 791 468 est.

50 485 97 532 ΞΟἱ
116 486 141 530 dd
162 483 232 545 φόβον
252 484 336 543 ἔχοντες
358 493 418 544 Θεοῦ,
437 492 494 544 ²Qui
519 500 585 537 autem
610 497 701 539 timorem
726 496 805 539 Domini

47 556 82 602 καὶ
97 554 222 616 ἐρευνῶντες
242 558 294 619 περὶ
311 562 369 605 (deod
383 559 418 621 do*
435 566 519 618 liabent,
544 570 563 606 et
584 571 698 609 scrutantur
720 567 745 608 de
759 567 804 609 Deo

48 644 88 687 ηιον
102 627 138 671 καὶ
148 623 257 686 ύληῦείας,
272 629 308 673 ναὶ
320 631 355 690 τήν
367 649 417 691 καρ-
435 636 549 688 veritatem,
568 637 709 689 cogitationem
725 649 804 679 omnem

48 695 418 758 ύύανέηοντεςπρύςνύριον,πύντα
434 706 508 747 habent
530 705 555 746 ad
577 707 689 748 Dominum.
727 706 804 760 Omnia,

48 765 75 813 τύ
105 764 207 826 λεγόμενα
236 768 310 822 αὐτοῖς
335 771 417 830 τιλχιον
435 775 636 829 ηοοειλίοοοῐοι·εἰε,
649 776 768 830 percipiunt,
786 781 805 817 et

47 838 120 883 νοούσι
141 837 178 882 ναὶ
198 846 313 894 συνιοῦσιν,
336 837 370 886 ὃτι
389 868 416 874 -
434 845 500 887 statim
520 844 644 899 intelligunt,
665 845 711 899 quia
732 846 806 888 hahent

47 906 84 955 τύν
104 903 175 969 φύβον
194 915 234 954 τοῦ
253 911 311 956 Θεοῦ
331 907 417 966 ἔχουσιν
434 916 526 957 timorem
535 915 614 957 Domini
623 914 642 955 io
652 926 680 956 se.
704 915 804 957 Ubienim

47 980 68 1025 ἐν
78 979 169 1030 ἑαυτοῖς.
190 976 261 1025 Ὅπου
271 982 311 1042 ηύρ
323 977 335 1026 d
345 981 416 1042 κύριος
434 985 519 1039 Spiritus
530 985 610 1027 Domini
625 984 726 1039 inhahitat,
742 987 769 1028 ibi
784 991 804 1027 et

45 1052 142 1105 κατοικεῖ,
153 1051 196 1097 ἐκεῖ
204 1051 239 1096 καὶ
248 1052 331 1104 σύνεσις
339 1054 414 1113 πολλή.
432 1067 505 1098 sensus
520 1056 593 1097 multus
609 1055 729 1111 adjungitur.
757 1055 803 1098 Ad-

44 1116 170 1181 Κολληθητι
185 1116 221 1167 oda
236 1124 275 1167 τού
288 1121 365 1184 νυρύου,
380 1122 415 1168 καὶ
429 1128 494 1181 Junge
506 1138 556 1181 ergo
567 1130 587 1167 te
595 1125 681 1167 Domino
688 1139 694 1177 ς
707 1129 726 1167 et
736 1126 803 1168 omnia

44 1187 129 1236 πάντων
143 1190 232 1253 νοήσεις.
432 1196 532 1250 intelliges
548 1209 571 1238 ao
586 1196 683 1237 senties.“

73 1257 165 1308 3’Ἀκουε
176 1261 219 1318 οὖν,
230 1269 277 1314 πῶς
288 1259 301 1322 ἦ
313 1259 371 1322 λύπη
381 1263 414 1307 ἐκ-
460 1266 491 1307 lll.
517 1265 526 1291 ³
538 1266 603 1319 „Audi
618 1279 682 1319 οοοο,
698 1266 801 1320 insipiens,

43 1331 114 1393 τρίβει
129 1331 156 1378 τύ
175 1335 272 1390 πνεῦμα,
293 1334 328 1377 καὶ
347 1329 413 1378 πύλιν
431 1336 598 1390 quemadmodum
623 1336 701 1392 tristitia
725 1337 801 1378 orueiat

43 1399 110 1458 σώζει.
137 1401 199 1449 Ὅταν
218 1400 230 1449 ὁ
252 1404 348 1464 δίψυχος
365 1405 413 1449 ἐπι-
432 1407 526 1461 Spiritum
542 1412 638 1458 sanetum,
656 1412 675 1447 et
689 1420 728 1460 quo
740 1407 800 1449 modo

42 1469 132 1535 ῥ’ύληται
147 1474 231 1534 πρᾶξαί
248 1491 279 1528 τι,
301 1474 337 1519 καὶ
355 1470 412 1520 οἷπο-
431 1477 508 1519 salvum
524 1476 576 1519 lacit.
603 1477 668 1526 Quum
681 1473 751 1519 dubius
767 1479 801 1519 in-

42 1544 93 1604 τύχη
109 1545 146 1589 did
160 1545 198 1604 την
218 1545 323 1605 διψυχίαν
341 1544 412 1597 αὐτοῦ,
431 1547 501 1588 oiderit
515 1548 536 1588 in
551 1548 654 1603 negotium
670 1547 761 1601 aliquod,
782 1552 802 1588 et

41 1610 53 1673 ἦ
75 1614 131 1674 λύπη
154 1611 293 1675 ἐκπορεύεται
318 1614 349 1666 εἷς
373 1612 411 1660 τύν
430 1630 470 1659 non
486 1619 581 1671 provenit
595 1618 623 1658 illi
638 1623 723 1671 propter
740 1619 801 1660 dubi-

41 1680 166 1745 ύνθροιπον,
174 1682 411 1741 καὶλυπεῖτύλπνεῦμα
429 1690 523 1730 λεύουσιν
530 1704 535 1740 ;
552 1688 631 1729 tristitia
642 1687 692 1729 haee
705 1689 765 1730 intrat
780 1690 800 1730 in

40 1754 66 1801 τύ
82 1755 148 1814 ἅγιον,
163 1755 198 1801 καὶ
210 1759 338 1816 στενοχωρεῖ
350 1750 410 1800 αύτύ.
429 1759 535 1812 hominem,
552 1763 572 1800 et
587 1760 665 1800 tristem
676 1759 723 1800 facit
734 1757 800 1813 ⁴Spi-

41 1820 95 1870 Εἶτα
110 1822 175 1870 πάλιν
189 1822 290 1882 ύξυχολία
301 1827 352 1871 ὅταν
362 1827 411 1869 κολ-
428 1831 487 1871 ritum
508 1833 610 1883 sarlatum,
633 1834 653 1871 et
670 1833 732 1871 venat
747 1842 798 1871 eum.

40 1896 97 1956 ληὲλῇ
111 1898 144 1954 τῷ
158 1891 268 1956 ἀνθρώπῳ
279 1896 330 1956 περὶ
340 1891 409 1957 πρύν-
428 1900 506 1941 Deinde
526 1900 598 1942 iterum
619 1899 721 1941 iracundia
740 1912 799 1954 quum

39 1962 178 2022 ιιατύςτινος,
189 1967 225 2011 καὶ
235 1967 283 2012 λίαν
294 1968 410 2031 πινρανθῇ,
429 1971 540 2012 accesserit
561 1971 635 2011 homini
658 1982 694 2024 pro
715 1970 798 2024 negotio

39 2036 74 2079 καὶ
89 2032 168 2096 ποιηση
182 2054 203 2081 τι
218 2035 292 2091 κακον,
315 2036 381 2082 πύλιν
395 2031 409 2094 η
429 2041 502 2094 aliquo7
518 2040 648 2081 vehementer
659 2040 752 2081 irascitur
757 2053 763 2089 ;
779 2043 799 2080 et

39 2106 96 2165 λύπη
112 2104 261 2168 εἰσπορεύεται
271 2107 302 2159 εἰς
312 2107 350 2165 την
359 2125 409 2167 καρ-
428 2111 478 2152 liaeo
502 2111 531 2151 ira
554 2111 614 2151 intrat
635 2110 655 2150 in
678 2109 798 2164 praecordia

40 2175 86 2220 ὁιάν
101 2178 141 2221 τοῦ
156 2173 277 2237 ανθρώπου
298 2179 339 2222 τοῦ
359 2175 409 2229 ύξο-
427 2180 540 2232 irascentis,
556 2180 702 2222 etvenaturin
714 2180 798 2234 negotio

39 2246 176 2306 χολήοαντος,
196 2248 232 2292 καὶ
251 2249 353 2292 λυπεῖται
371 2247 409 2292 ἐπὶ
427 2263 471 2304 suo,
487 2250 542 2304 qnod
558 2250 605 2304 agit,
622 2254 642 2291 et
657 2254 728 2304 postea
743 2262 798 2305 poe-

39 2322 67 2375 τῇ
84 2317 162 2377 πράξει
183 2317 258 2372 αὐτοῦ,
278 2337 292 2378 η
310 2316 409 2378 ἔπραξεν,
427 2322 483 2374 nitet,
499 2319 553 2375 quod
568 2320 620 2362 male
635 2320 712 2362 feeerit.

38 2386 72 2430 καὶ
87 2392 192 2443 μετανοεῖ,
207 2382 243 2433 ὅτι
255 2388 348 2448 πονηρύν
363 2388 408 2449 εἰρ-

38 2455 124 2513 γάσατο.
164 2458 226 2517 Αύτη
254 2456 289 2503 οὖν
313 2458 326 2519 η
352 2454 409 2518 λύπη

62 2575 80 2619 l]
94 2576 141 2622 Ergo
158 2587 192 2610 uon
209 2577 289 2620 audiunt,
309 2587 354 2623 qnae
371 2578 408 2622 quis
448 2577 467 2620 4)
480 2575 550 2609 Hermas
566 2586 600 2609 uon
618 2574 639 2610 de
654 2576 705 2610 tertia
721 2587 796 2621 persona

38 2631 83 2667 forte
97 2635 118 2668 de
131 2635 168 2668 Deo
181 2635 261 2680 loquitur.
426 2634 455 2667 SS.
468 2634 552 2668 Trinitatis
564 2634 645 2680 loquitur,
657 2634 688 2668 sed
701 2634 723 2669 de
735 2637 796 2682 spiritu

62 2691 80 2733 2)
93 2691 120 2726 Ex
127 2696 187 2728 Doetr·
195 2695 218 2729 ad
224 2694 305 2729 oriniaco.
313 2693 325 2728 l.
333 2704 347 2728 e.
356 2704 372 2728 n.
380 2692 407 2728 tt.
426 2692 490 2737 divino,
503 2692 580 2727 fidelihus
591 2692 653 2727 infuso.

61 2747 80 2791 3)
92 2749 164 2785 Ibidem.
