1789 2987
96 199 123 235 XL
157 202 159 207 r
388 185 561 228 rnotsconuun.
722 191 852 239 [Ertsrotnu

94 296 190 361 Ignatium
206 301 318 344 immediate
334 300 353 343 S.
365 300 425 341 Petro
441 301 566 342 successisse
576 299 602 356 ¹).
628 299 725 342 Batonius
741 300 805 356 [dnn.
817 300 852 354 45,

96 375 123 418 td
134 380 153 417 et
164 374 197 426 tl,
210 371 249 428 tl)
265 378 325 426 atque
335 371 409 413 Natalis
420 370 537 413 Alexander
551 371 609 427 (Sco.
620 372 633 412 l.
644 372 697 413 Diss.
710 368 742 414 14.
754 372 812 426 Prop.
826 370 851 428 l]

93 446 207 499 conjiciunt,
217 443 314 484 Evodium
326 455 350 483 ac
360 441 457 495 lgnatium
469 442 540 483 eodem
555 448 651 498 tempore,
668 444 750 485 alterurn
762 438 851 495 ludaeis,

92 517 175 557 alterurn
186 513 275 554 Ethnicis
289 514 313 554 ad
324 525 386 573 verae
396 512 501 565 religionis
513 514 586 555 cultum
597 515 708 566 conversis,
727 512 838 568 praefuisse
844 527 850 564 ;

91 587 163 640 quihus
179 585 203 627 ad
220 584 348 627 concordiam
358 581 438 624 tandem
450 582 547 637 adductis,
558 584 656 640 Ignatium
666 584 743 626 Evodio
757 584 850 631 cessisse,

89 658 202 710 iterumque
218 660 264 710 post
279 656 353 697 obitum
368 654 421 694 illius
437 653 523 695 sedisse.

150 727 180 768 De
195 727 265 781 lgnatii
282 738 330 766 eura
344 724 441 779 pastorali
462 726 525 766 verba
547 725 622 768 faciunt
641 730 684 767 acta
700 726 787 779 martyrii
804 737 820 765 c.
836 724 850 766 l.

89 797 165 838 Eadem
180 809 242 851 porro
258 799 345 847 narrant,
361 794 459 849 lgnatium
477 808 487 836 a
504 796 598 850 Trajana,
615 801 684 837 contra
700 796 815 838 Armeniam
832 798 851 835 et

89 869 172 909 Parthos
187 867 327 921 proficiscente
343 865 504 920 Antiochiaeque
520 871 618 919 morante,
637 867 661 908 ad
677 867 751 908 bestias
768 866 851 907 damna-

89 943 136 991 tum,
151 938 233 979 Rolnam
250 949 296 978 esse
315 936 426 990 abductum.

148 1009 195 1050 Post
210 1009 290 1063 longam
306 1013 326 1048 et
337 1006 470 1060 periculosam
483 1008 637 1061 navigationem,
653 1008 677 1048 ad
690 1007 760 1048 decem
771 1007 850 1058 milites,

89 1091 140 1133 quos
156 1079 263 1133 leopardos
280 1082 340 1119 vocat
349 1076 377 1132 ²)‚
393 1077 492 1132 alligatus,
504 1081 585 1118 sanctus
596 1078 672 1130 lllartyr
683 1077 787 1131 Smyrnam
800 1089 850 1130 per·
888 1124 891 1134 ἢ

87 1151 149 1201 venit,
165 1151 199 1190 uhi
215 1162 241 1191 cx
257 1149 364 1202 colloquio,
381 1160 425 1188 cum
437 1147 456 1189 S.
468 1148 580 1201 Polycarpo
597 1152 617 1189 et
631 1147 763 1201 adjacentium
779 1146 850 1188 eccle-

88 1222 161 1262 siarum
177 1220 248 1275 legatis
264 1220 338 1271 habito,
354 1219 456 1272 ingentem
472 1219 594 1271 voluptatem
609 1218 711 1272 percepit,
730 1222 749 1258 et
765 1221 851 1270 quatuor

89 1290 183 1343 epistolas
199 1290 224 1331 ad
239 1290 349 1343 Ephesios,
365 1290 493 1343 hlagnesios,
515 1290 627 1332 Trallianos
645 1293 665 1331 et
680 1290 780 1332 Romanos
797 1302 850 1331 con-

89 1362 174 1415 scripsit.
548 1359 550 1363 '

148 1432 233 1485 Smyrna
257 1430 356 1471 Troadem
378 1430 446 1482 venit,
472 1430 505 1471 uhi
528 1430 616 1484 lgnatius
639 1443 748 1485 paucorum
773 1430 849 1471 dierum

88 1514 164 1543 moram
181 1501 272 1554 epistolis
288 1501 312 1540 ad
328 1500 516 1553 Philadelphenses,
539 1501 660 1554 Smyrnaeos
683 1505 702 1541 ct
717 1502 849 1555 Polycarpum

88 1572 196 1613 exarandis
208 1571 285 1612 dicavit.
311 1570 359 1610 lnde
369 1570 473 1625 Neapolim
484 1570 587 1624 adductas,
599 1572 699 1626 Philippos
710 1572 848 1626 pertransiens

87 1641 224 1683 lllaredoniam
240 1645 300 1682 totam
316 1643 438 1694 peragravit.
470 1640 574 1693 Epidamni
593 1654 643 1683 vero
665 1642 691 1696 [i.
708 1655 725 1683 e.
742 1639 848 1695 Dyrachii)

86 1713 107 1752 in
122 1712 183 1764 Epiro
199 1724 270 1753 navem
292 1712 349 1752 brevi
370 1711 480 1751 soluturam
501 1710 615 1763 offendens,
637 1712 771 1753 Hadriaticum
794 1723 849 1751 mare

87 1782 207 1836 enavigavit,
223 1787 284 1834 arque
299 1781 319 1822 in
330 1781 455 1835 Tyrrhenum
471 1781 566 1822 ascendit.
597 1782 691 1823 Puteolos
707 1781 741 1822 nbi
756 1781 850 1835 pervenit

86 1852 160 1893 enavi
176 1851 302 1893 descendere
323 1851 427 1904 cupiebat,
448 1856 470 1892 ut
489 1851 514 1892 ad
530 1852 549 1894 S.
565 1852 620 1893 Pauli
637 1853 749 1905 exemplum
765 1852 849 1893 Romam

85 1923 173 1963 Puteolis
194 1922 332 1963 contenderet.
363 1921 389 1962 At
410 1925 470 1962 vento
494 1921 608 1962 vehementi
631 1922 651 1962 in
675 1922 734 1963 altum
755 1921 849 1975 repulsus

87 1992 158 2031 urhem
178 1991 231 2031 illam
251 1991 363 2043 praeterire
383 1996 464 2032 coactus
487 1995 522 2031 est.
553 1991 646 2048 Denique
668 1992 692 2032 ad
708 1993 788 2032 Portum
804 1990 848 2032 Ro-

88 2073 167 2101 manum
182 2061 305 2113 perveniens
322 2073 332 2101 a
348 2061 446 2113 fidelibus,
462 2062 524 2102 Roma
537 2061 615 2102 obviam
630 2062 729 2113 euntibus,
746 2061 848 2112 salutatus,

89 2143 100 2170 a
111 2129 227 2170 custodibus
238 2134 304 2171 antem
315 2130 453 2171 festinantibus
463 2131 545 2172 Romam
561 2132 580 2170 in
596 2131 759 2184 amphitheatrum
771 2130 848 2182 ductus,

89 2203 109 2239 et
125 2198 202 2239 duobus
218 2199 309 2240 leonibus
331 2201 422 2253 objectus
443 2204 485 2251 est,
506 2201 539 2252 qui
560 2200 613 2241 illico
635 2202 699 2254 ipsum
718 2201 848 2251 devorarunt,

88 2268 137 2309 solis
154 2268 267 2309 durioribus
282 2270 357 2310 relictis
370 2270 456 2322 ossibus
471 2282 523 2322 quae
534 2270 617 2311 collecta
628 2270 753 2312 Antiochiam
765 2270 848 2324 pretiosi

88 2330 151 2379 instar
167 2338 256 2379 thesauri
272 2339 376 2392 deportata
392 2345 444 2380 sunt.
807 2387 811 2392 Δ

146 2407 244 2462 Ignatium
264 2420 319 2450 nono
339 2420 391 2450 anno
412 2409 538 2462 imperatoris
556 2410 636 2464 Trajani
659 2407 683 2464 [a
699 2408 727 2452 20
743 2409 786 2450 Jan.
805 2407 847 2452 106

88 2500 115 2508 -
132 2475 159 2520 26
175 2477 220 2518 Jan.
238 2476 279 2519 107
294 2490 313 2530 p.
330 2476 390 2533 Chr]
407 2478 431 2517 ad
446 2478 521 2519 bestias
537 2479 659 2530 damnatum,
681 2479 759 2519 decimo
781 2482 847 2519 autem

88 2548 168 2601 Trajani
185 2559 250 2600 anno,
274 2545 308 2590 20.
323 2547 372 2588 Dee.
390 2545 443 2599 107,
465 2548 560 2602 martyrio
582 2553 699 2590 coronatum
721 2559 779 2599 esse,
803 2552 847 2590 acta

87 2618 187 2670 passionis
204 2618 248 2672 ejus
265 2617 345 2659 tradunt
361 2629 377 2658 c.
393 2615 406 2657 2
423 2620 443 2658 et
459 2615 478 2658 t.

112 2765 131 2812 1]
142 2765 469 2816 Theodora.Diatag.1.p.ds.t.tv.1
500 2769 519 2815 2]
532 2770 588 2816 lprrat·
602 2780 628 2814 ep.
641 2766 662 2805 ad
675 2766 723 2806 Rom.
738 2781 753 2805 e.
766 2765 782 2803 5.
