1789 2987
116 187 160 229 464

311 184 382 219 INDEX
393 185 472 220 RERUM
484 184 512 219 ET
524 184 680 221 Puasouaaun.

117 290 173 323 Ordo
186 290 203 323 in
217 290 276 324 militia
290 293 334 324 etin
345 303 418 337 corpore
427 299 485 327 nostro
504 292 552 325 Pax.
572 292 654 326 Dominus
665 292 731 326 habitat
739 291 756 324 in
764 292 805 325 viris
814 303 874 326 aman-

138 353 221 393 scrvatns
240 349 283 392 1043
309 351 403 385 servandus
427 353 485 398 utique

139 408 201 452 cuique
211 409 253 441 etin
264 408 337 442 ecclesia
348 410 386 443 404.
398 411 437 445 408.
446 411 484 445 440.

285 517 315 549 1².

527 351 571 385 tibus
584 363 644 396 pacem
657 338 696 385 435.
719 349 764 384 Vera
777 360 811 395 pax
823 349 874 383 chara

528 416 554 443 est
571 413 612 446 ibid.
637 410 682 444 Nihil
700 410 813 454 praestantius
831 419 874 452 pace

528 467 568 500 464.
594 468 633 501 Alta
650 473 667 501 et
684 466 771 501 abundans
787 477 820 510 pax
836 466 875 499 olim

527 527 545 558 iu
558 525 682 559 Corinthiorum
695 525 768 559 ecclesia
781 524 813 557 fuit
825 525 854 557 54.

115 579 485 629 Parentes,officiaeorunergatrteros
504 582 714 618 Peccatum'inritum
732 584 765 625 543
785 574 878 628 originale*

138 639 167 673 46.
180 639 220 673 328.

115 696 195 730 Pastor
207 698 236 731 uhi
250 704 281 742 cst,
295 701 356 735 eodem
370 706 387 735 et
400 713 442 736 oves
455 713 485 736 se-

139 761 210 800 quautur
223 756 263 790 242.
287 757 352 792 Pastori
364 759 435 794 Hermas
448 766 485 794 tra-

140 814 185 848 ditur
198 815 237 848 345,
263 815 329 860 Pastor,
342 819 410 852 nuntius
422 819 485 862 poeni-

138 873 203 905 tentiae
214 872 255 919 346.
276 873 336 907 Pastor
348 876 431 909 rationem
444 876 486 909 red-

139 928 180 961 dere
194 929 247 964 dehet
260 931 281 964 de
295 932 355 965 ovibus
368 933 409 966 434.

114 985 236 1021 Patientia.
272 989 305 1030 Qui
330 991 392 1033 patitur
416 997 487 1035 propter

138 1055 201 1078 nomen
221 1045 301 1089 Domini,
326 1047 418 1082 honoratus
440 1049 485 1092 apud

138 1101 194 1136 Deum
207 1103 280 1138 hahetur
288 1104 329 1138 432.
350 1104 422 1150 Propter
430 1106 485 1141 Deum

138 1164 194 1195 omnia
204 1173 235 1196 nos
244 1164 328 1197 sustinere
338 1170 406 1209 oportet
414 1166 449 1199 236
458 1179 483 1211 sq.

138 1219 195 1263 lllagni
208 1219 281 1254 athletae
295 1227 332 1264 est,
351 1223 401 1255 caedi
415 1229 432 1256 et
445 1226 485 1257 vin-

139 1288 178 1310 cere
196 1279 237 1312 itin.
268 1278 350 1313 Patientia
369 1287 447 1325 maneat,
468 1287 486 1315 ut

138 1340 175 1368 tota
187 1342 272 1370 armatura
285 1338 324 1371 240.

114 1393 204 1428 Patriae
219 1406 285 1429 causa
302 1396 351 1429 multi
364 1397 415 1430 etiam
427 1400 485 1443 genti-

138 1453 179 1486 lium
191 1454 240 1486 morti
249 1464 267 1487 se
276 1453 382 1488 tradiderunt
391 1454 433 1490 426.
451 1457 485 1491 Pa-

139 1513 180 1544 trios
192 1513 270 1555 proprias
283 1512 377 1546 inhabitant
389 1512 484 1559 Christiani,

139 1569 170 1602 sed
183 1574 263 1612 tanquam
276 1570 351 1614 inquilini
364 1571 403 1605 304.
427 1572 485 1606 Omnis
510 1615 511 1618 Ἴ

139 1627 230 1671 peregrina
243 1627 291 1672 regio
304 1638 363 1661 eorum
381 1635 407 1663 est
422 1631 484 1675 patria,

139 1691 156 1718 et
169 1686 222 1718 omnis
235 1687 291 1730 patria
304 1688 396 1732 peregrina
409 1691 451 1723 ibid.

113 1743 264 1777 Patriarchae
280 1744 301 1777 ab
314 1744 401 1789 Apostolis
413 1747 483 1780 mortuis

137 1801 219 1845 baptizati
232 1807 271 1835 sunt
283 1802 323 1835 424.
337 1809 372 1837 not.
386 1804 402 1837 O.

114 1858 197 1893 Paulus
210 1860 304 1904 Apostolus
317 1863 334 1894 in
342 1862 410 1896 vincula
420 1864 483 1907 septies

529 643 574 687 quod
591 653 622 687 per
638 647 735 686 serpentem
751 644 768 675 in
781 641 818 675 Eva
831 652 874 677 con-

527 701 567 744 tigit
585 701 613 734 32.
644 700 717 743 Propter
734 705 806 744 peecata
825 699 875 732 morti

528 757 610 791 tradimur
622 760 664 792 idid.
688 755 714 790 Oh
728 757 827 790 charitatem
843 767 874 790 re-

528 817 615 849 mittuntur
633 815 682 849 nohis
701 821 773 859 peccata
791 815 834 857 4223
854 826 875 848 ea

529 874 632 919 obteguntur
655 875 696 908 idid.
729 872 802 907 Peccata
826 872 874 906 Deus

528 937 585 974 sanat,
603 932 617 964 si
635 941 673 964 oras
690 930 711 963 ad
728 929 818 964 Dominum
835 930 874 964 323.

528 989 556 1021 54.
564 989 603 1022 350.
624 987 754 1021 Confessionem
763 994 874 1032 peccatorum

527 1046 573 1079 Deus
592 1046 668 1090 postulat
687 1045 726 1078 424.
756 1045 822 1079 Bonum
841 1051 874 1088 est,

527 1111 599 1149 peccata
622 1104 699 1138 confiteri
720 1103 759 1138 422.
793 1102 874 1137 Omnibus

528 1163 656 1208 poenitentibus
668 1163 739 1196 remittit
751 1163 809 1205 Deus,
829 1163 843 1196 si
855 1173 875 1195 se

528 1227 629 1254 convertant
646 1221 667 1253 ad
684 1222 764 1254 unionem
781 1231 819 1253 cum
836 1220 874 1253 Deo

528 1285 546 1313 et
558 1279 579 1312 ad
593 1279 730 1312 communionem
741 1290 778 1312 cum
787 1277 874 1323 Episcopo

528 1337 568 1371 216.
583 1337 695 1371 Peccatorum
702 1338 802 1369 remissione
810 1338 874 1369 sancti-

527 1396 607 1437 ficamur,
625 1394 670 1439 quod
687 1399 713 1427 est
728 1395 816 1438 sparsione
831 1404 873 1427 san-

527 1454 583 1498 guinis
597 1451 658 1486 Christi
674 1451 690 1485 8.
705 1452 732 1485 62.
757 1451 818 1484 Deleta
836 1456 875 1485 sunt

528 1511 588 1545 delicta
609 1510 656 1553 ejus,
676 1511 704 1554 qui
722 1511 786 1553 patitur
805 1515 874 1554 propter

526 1579 589 1603 nomen
606 1569 676 1602 Domini
694 1567 734 1600 432,
762 1567 873 1600 Peccatorum

526 1628 627 1661 remissione
641 1625 717 1659 Christus
729 1635 761 1658 nos
777 1625 873 1667 renovavit,

527 1687 624 1732 effecitque,
637 1690 655 1719 ut
668 1684 718 1718 aliam
732 1682 803 1728 formam
816 1682 872 1716 hahe-

525 1755 581 1777 remus
605 1745 632 1776 42.
669 1742 737 1776 Poenae
761 1746 872 1786 peecatorum

525 1808 606 1836 aeternae
620 1802 659 1835 466.
674 1801 713 1834 346.
727 1799 768 1832 381.
790 1797 823 1832 Clr.
832 1800 871 1833 Ra-

525 1863 595 1897 utiocto.

138 1918 225 1960 conjectus
232 1919 260 1952 80.
272 1919 338 1952 Praeco
345 1921 422 1954 veritatis
429 1921 483 1954 factus
502 1920 643 1953 Persecutio.
664 1916 752 1950 Adversus
766 1913 871 1948 Christianos

136 1976 152 2009 in
166 1974 236 2010 Oriente
249 1982 266 2010 et
279 1976 373 2011 Occidente
390 1980 431 2014 ibid.
457 1978 483 2012 Ad

137 2032 235 2068 Occidentis
259 2036 341 2070 terminos
365 2038 413 2071 venit
434 2039 482 2073 fitia.

135 2092 216 2135 hlartyrio
234 2099 325 2127 coronatus
343 2099 369 2128 est
385 2097 426 2130 itit.
456 2094 482 2128 Ad

137 2149 234 2183 Cortnthios
253 2151 340 2195 epistolam
358 2153 425 2197 scripsit
442 2153 481 2186 448.

136 2203 184 2241 Pauli
198 2213 215 2241 et
228 2209 310 2252 epistolae
323 2210 359 2253 ejus
368 2211 389 2245 ad
398 2210 482 2256 Ephesios

136 2266 212 2300 meminit
220 2264 294 2311 ignatius
302 2266 341 2299 482.
361 2268 430 2303 Paulum
438 2271 482 2315 apud

525 1983 605 2021 tanquam
618 1976 723 2020 alienigenas
735 1973 795 2007 iudaei
807 1972 872 2006 bellum

524 2040 592 2080 gerunt,
607 2040 624 2068 et
633 2033 693 2068 Graeci
705 2042 735 2065 eos
745 2036 872 2077 persequuntur

524 2093 564 2126 306.
583 2092 683 2126 Persecutio
692 2090 759 2133 Traiani
768 2090 808 2123 244.
827 2089 870 2123 Per-

524 2153 589 2185 secutio
608 2151 660 2184 llarci
679 2148 744 2182 Aurelii
762 2147 803 2181 274.
828 2146 871 2180 Per-

524 2212 631 2244 secutionem
643 2209 688 2253 passi
699 2211 739 2241 sunt
748 2205 827 2251 Apostoli
836 2205 871 2239 Pe-

523 2273 559 2301 trus
573 2274 590 2301 et
602 2267 663 2301 Paulus
676 2271 709 2299 etc.
723 2264 751 2299 60.

135 2324 255 2369 Philippenses
273 2324 336 2369 fuisse.
355 2333 412 2361 narrat
429 2327 482 2373 Poly·
502 2325 619 2371 Philippus
632 2324 715 2359 Asiarcha
727 2323 768 2357 284.

136 2395 195 2428 carpus
208 2383 247 2417 260.
272 2383 335 2418 Paulus
353 2383 431 2419 absolute
448 2397 482 2420 vo-
501 2384 564 2418 Philo
579 2395 636 2418 comes
649 2383 714 2416 itineris
727 2381 744 2416 S.
757 2381 818 2426 Ignatii
830 2380 870 2414 220.

135 2449 184 2476 catur
195 2442 289 2486 Apostolus
302 2443 342 2476 320,

524 2442 565 2476 230,
578 2442 618 2475 232.

111 2501 206 2545 Pauper.
226 2495 315 2534 Christiani
324 2489 452 2543 mendicisunt
466 2505 483 2533 et
501 2500 603 2533 Phoenix
639 2499 768 2533 resurrectionis
801 2503 871 2532 nostrae

135 2559 198 2594 multos
212 2558 275 2603 ditant3
292 2560 344 2594 rebus
361 2560 439 2594 omnibus
454 2559 482 2592 in-

524 2559 580 2603 imago
592 2557 620 2592 88.

136 2618 207 2664 digent,
227 2624 244 2652 et
262 2619 317 2652 onmia
336 2618 369 2652 illis
387 2617 483 2652 redundant
501 2616 593 2652 Pionius
606 2616 706 2651 christIanus
719 2616 759 2650 294.

136 2677 175 2711 aot.
200 2676 268 2721 Pauper
280 2688 289 2710 a
303 2677 356 2711 divite
369 2677 451 2721 accipiat,
465 2680 483 2709 et
501 2674 573 2708 Piscis
592 2686 626 2709 non
645 2674 711 2709 habens
729 2685 816 2720 squamam
837 2676 870 2709 im-

134 2736 172 2781 ipse
185 2739 223 2768 oret
235 2744 266 2780 pro
280 2734 331 2769 divite
344 2734 384 2768 379.

523 2735 595 2770 mundus
607 2733 678 2769 Judaeis
691 2733 719 2768 24.
