1765 2987
143 210 144 213 ¹
167 194 250 229 lGNATll
263 194 370 230 EPISTULA
383 195 412 230 AD
427 170 579 233 pontenurum.
592 198 620 233 ΙΙΙ.
634 197 662 233 lV.
676 198 696 232 V.
769 198 812 242 239

54 303 119 347 omnia
135 303 235 344 sustinere
252 315 289 344 nus
306 307 391 357 oportet,
408 309 458 346 utet
469 306 512 360 ipse
523 319 560 348 nos
572 307 674 348 sustineat.
699 305 813 349 studiosior

52 376 99 427 fias,
116 386 174 427 quarn
191 386 219 414 es.
251 375 365 434 ¹Tempora
381 377 489 430 perpende.
519 376 580 428 Eum,
600 377 633 430 qui
650 374 811 429 ²ultrate1npus

53 450 93 496 est,
111 448 217 497 exspecta,
233 444 395 497 intemporalem,
411 446 535 498 invisibilem,
551 451 635 500 propter
651 458 689 487 nos
705 445 810 499 visibilem,

53 514 226 567 ³impalpabilcm,
247 513 386 567 impatibilem,
408 521 491 569 propter
511 528 548 557 nos
569 516 681 569 patibilem,
704 517 737 569 qui
757 516 811 557 omni

52 583 112 625 modo
127 587 210 637 propter
222 594 264 624 nos
279 584 378 625 sustinuit.
432 576 434 579 ’

326 712 357 753 IV.
390 712 531 765 Continuatio.

108 791 186 833 Viduae
202 805 227 833 ue
242 793 376 847 negligantur.
407 792 471 835 ⁴Post
485 793 590 835 Dominum
605 797 627 833 tu
643 804 711 833 earum
731 796 812 833 curator

50 863 84 904 sis.
114 862 167 902 Nihil
183 862 227 902 sine
244 867 276 903 tua
292 864 394 904 voluntate
410 863 453 915 fiat,
472 875 539 915 neque
555 867 575 903 tu
592 863 698 914 quidquam
715 862 759 903 sine
774 862 812 902 Dei

51 931 169 973 ⁵voluntate
186 944 234 987 agas
240 945 246 982 ς
268 932 322 986 quod
337 945 376 973 nec
392 932 454 986 lacis,
470 930 548 987 6quum
565 932 592 990 sis
609 937 709 973 constans.
742 927 811 972 ⁷Cre-

50 1003 105 1043 brius
121 1007 232 1043 conventus
248 1002 301 1043 fiant.
332 1002 450 1044 Nominatim
467 1015 537 1045 omnes
553 999 651 1055 Squaere.
683 999 774 1044 ⁹Servos
792 1006 811 1043 et

50 1072 130 1113 ancillas
146 1085 172 1112 ne
188 1077 304 1114 contemnas
309 1088 316 1124 ,-
332 1073 368 1114 sed
386 1087 424 1115 nec
439 1074 476 1127 ipsi
492 1066 615 1127 superbiant,
634 1085 704 1116 verum
720 1071 744 1113 ad
760 1072 810 1126 glo-

49 1143 99 1183 riam
115 1142 151 1183 Dei
167 1143 211 1195 plus
228 1143 328 1195 serviant,
348 1149 371 1184 ut
390 1145 489 1198 potiorem
509 1136 619 1184 libertatem
641 1156 651 1183 a
667 1143 711 1183 Deo
733 1154 810 1183 conse-

49 1216 140 1265 quantur.
166 1211 216 1253 ‘Non
237 1212 363 1264 desiderent,
387 1214 523 1254 communibus
546 1214 655 1267 sumptibus
678 1224 690 1252 e
712 1212 809 1253 seruitute

48 1282 125 1335 redimi,
142 1294 168 1323 ne
183 1284 238 1323 servi
253 1284 381 1323 inveniantur
397 1283 514 1337 cupiditatis.

83 1411 105 1452 V.
139 1411 196 1460 Quart
210 1413 317 1464 conjnpes,
335 1411 432 1462 coelibes,
449 1424 540 1463 sponsos
555 1416 639 1452 moneat
654 1409 773 1462 episcopus.

108 1488 126 1515 ¹⁰
135 1491 197 1532 llalas
214 1497 266 1534 artes
285 1493 344 1549 luge;
366 1494 430 1547 magis
451 1498 517 1534 autem
538 1493 562 1534 de
583 1493 621 1534 illis
645 1505 712 1534 coram
733 1490 807 1544 populo

51 1559 175 1614 ¹¹loquere.·
190 1561 297 1604 Sororibus
312 1564 361 1604 meis
376 1563 444 1615 dicito,
459 1568 480 1605 ut
490 1564 596 1605 Dominum
610 1567 682 1615 ament,
699 1566 718 1602 et
733 1560 808 1602 maritis

49 1635 155 1672 contentae
177 1632 217 1673 sint
239 1645 300 1673 carne
323 1646 346 1674 ac
369 1635 444 1686 spiritu.
481 1633 575 1676 Similiter
597 1638 617 1674 et
640 1633 734 1673 fratribus
758 1630 808 1670 meis

48 1700 119 1741 nranda
144 1701 164 1742 in
190 1703 270 1743 nomine
293 1702 342 1744 Jesu
366 1704 450 1756 Christi,
476 1708 497 1745 ut
523 1704 605 1759 diligant
632 1703 731 1757 conjuges
759 1712 808 1741 suas

51 1768 124 1812 ¹²sicut
139 1771 235 1813 Dominus
251 1773 362 1813 ecclesiam.
393 1774 414 1816 Si
430 1774 474 1827 quis
489 1778 556 1826 potest
571 1774 591 1813 in
610 1773 700 1813 castitate
718 1781 807 1821 manere,

48 1840 72 1880 ad
94 1840 192 1883 honorem
213 1843 268 1896 eius,
291 1843 325 1896 qui
350 1842 366 1868 ¹³
376 1844 473 1885 Dominus
496 1848 527 1884 est
550 1843 628 1895 carnis,
654 1842 674 1882 in
697 1840 807 1897 bumilitate

61 1936 91 1989 lii)
104 1944 117 1979 l.
130 1957 145 1980 e.
159 1946 212 1981 mulas
225 1948 318 1990 doctrinas,
332 1947 418 1989 haereses,
438 1948 488 1980 etiam
502 1948 518 1980 in
531 1946 618 1981 veteribus
630 1944 738 1980 versionibus
754 1943 808 1977 latina

49 2013 79 2036 seu
98 2006 169 2048 negotia
189 2015 233 2049 quae
252 2004 371 2039 Christianum
385 2016 418 2038 non
438 2011 455 2037 et
468 2005 537 2048 Syriaca
550 2012 584 2037 nou
597 2004 697 2047 reperiatur,
710 2013 756 2037 nuuc
769 2012 807 2036 eam

49 2060 115 2095 decent.
138 2061 171 2095 cfr.
184 2062 221 2107 lgn.
234 2062 256 2096 ad
264 2061 370 2107 Philadelpb.
384 2063 419 2096 co
438 2063 547 2096 omittendam
561 2063 625 2106 putavi.

49 2124 67 2152 et
79 2121 162 2163 Curetum
177 2120 227 2165 corp.
236 2120 272 2165 ign.
285 2132 302 2165 p.
311 2121 351 2154 272.
373 2123 418 2157 Uiti-
450 2119 479 2162 l2)
492 2119 556 2164 Ephes.
569 2120 586 2163 5,
600 2120 628 2154 25.

48 2180 117 2213 horreos
129 2178 140 2212 l.
155 2190 169 2212 c.
182 2190 199 2222 p.
209 2178 231 2211 26
245 2181 305 2212 vertit:
317 2181 368 2223 „Die
379 2181 418 2224 ful·
449 2177 505 2223 13J1.
520 2189 535 2211 e.
549 2180 597 2223 ejus,
612 2181 642 2225 qui
654 2190 731 2224 corpora
744 2183 808 2212 trustra

48 2239 102 2270 senen
119 2239 232 2272 Redelriinnte
249 2239 312 2282 dietae,
333 2239 419 2272 victinetr
437 2239 540 2279 recrcscitat,
554 2243 570 2272 ct
583 2236 808 2280 cnjnnmennbracurpora

48 2296 89 2329 recle
106 2307 140 2330 von
158 2297 231 2330 sotcben
243 2293 328 2341 Diopen“
346 2295 419 2339 quaein
436 2302 500 2330 trustra
515 2301 563 2330 sitiat.
589 2293 623 2328 cn.
636 2291 692 2327 ICor.
706 2294 724 2336 6,
738 2294 764 2326 14.
779 2292 806 2325 15.

49 2353 159 2396 sequentibus
171 2357 257 2395 notantur,
271 2363 286 2386 e.
299 2363 316 2397 g.
331 2352 418 2386 sororibus
437 2356 532 2387 Jncceson.
560 2351 659 2385 Lectionem
677 2354 751 2383 nostram
774 2350 806 2382 de-

48 2411 91 2443 meis
104 2410 156 2445 dicito
169 2416 202 2444 etc.
437 2410 490 2444 sendit
501 2412 579 2445 Ulrlborn
591 2409 602 2443 l.
611 2420 625 2442 c.
639 2407 694 2453 p.18.
718 2404 751 2439 Alii
764 2405 805 2439 red·

61 2467 91 2510 tt)
103 2469 115 2502 l.
129 2480 145 2503 e.
158 2472 260 2515 frequenter
277 2471 367 2505 ocutiones
385 2480 417 2503 co·
437 2468 487 2502 dunt:
500 2469 522 2503 nri
534 2471 618 2503 horrorem
631 2465 805 2501 curnisdorninicae.

48 2538 87 2561 rum
98 2531 165 2573 populo
182 2529 203 2562 ta
218 2530 247 2562 bie
263 2530 317 2563 neatis
330 2528 418 2561 doctrinis
436 2526 475 2559 Pari
487 2525 537 2559 modo
555 2526 605 2558 etiam
619 2523 671 2566 syrus
686 2527 703 2555 et
716 2515 805 2555 Armenius

48 2584 150 2620 debeantur.
176 2582 218 2618 Olim
237 2595 274 2618 eum
293 2584 418 2629 Interpolatore
436 2588 511 2625 vertunt,
525 2593 545 2616 ac
557 2583 571 2616 si
583 2581 674 2627 legissent:
689 2579 710 2616 εἷς
721 2577 806 2620 τιμξντῆς

48 2639 92 2685 legi:
112 2639 177 2685 ὁμιλίαν
191 2640 215 2684 μὴ
230 2644 282 2674 ποιοῦ.
307 2641 362 2683 Quum
376 2652 418 2676 vero
436 2637 491 2684 σαρκός
503 2642 532 2671 τοῦ
544 2640 602 2683 κυρίου.
626 2640 676 2674 Nolle
689 2636 768 2680 conjicit:
785 2635 806 2673 εἷς

48 2700 130 2742 particula
144 2700 225 2745 negativa
237 2710 272 2733 uon
285 2699 340 2734 solum
354 2700 371 2734 in
386 2710 418 2734 co·
435 2695 483 2741 τιμήν
495 2697 525 2730 τοῦ
536 2698 599 2741 κυρίου,
615 2698 641 2738 τῆς
653 2693 709 2740 σαρκὸς
724 2693 742 2727 ἓν
753 2691 806 2727 α’καυ-

49 2756 87 2791 dice
106 2757 184 2794 llediceo
204 2761 267 2802 (textus
280 2759 365 2807 graeci),
386 2757 416 2792 sed
435 2757 484 2801 χησίᾳ
494 2757 562 2799 μενέτω,
