1765 2987
198 173 293 209 HEthlAE
305 173 396 211 PASTOR,
420 175 485 212 LlBER
497 176 511 215 Ι,
537 176 594 212 rislo
607 176 635 212 llI.
750 144 797 222 ι333

38 282 96 335 ruina,
112 285 134 324 ut
145 281 238 325 tratribus
249 283 370 337 anrurntienr,
386 289 404 326 εΙ
416 285 521 329 hilariores
532 287 585 340 fiant,
601 286 680 329 ethaeo
692 285 796 328 audientes

38 352 172 396 honorificent
187 354 292 396 Donrinurn
309 367 353 396 cnm
368 355 426 397 nrulta
442 357 527 412 gloria.“
558 358 583 399 Et
598 358 630 400 illa
646 359 682 400 ait:
700 358 797 410 ,audient

37 424 116 478 quidem
136 423 202 473 rnulti3
226 428 245 464 et
266 437 326 477 quun]
346 424 454 480 audierint,
477 427 555 481 quidam
576 441 602 469 ex
622 430 651 470 eis
671 429 794 484 gaudebunt,

37 494 116 548 qnidam
132 497 196 534 antero
215 493 297 535 tlebunt.
328 493 367 536 Sed
389 500 408 537 et
427 497 459 537 isti
479 499 594 552 audientes,
616 500 633 541 si
652 499 794 554 poenitentiam

37 564 128 619 egerint,
151 568 171 605 et
186 563 225 618 ipsi
241 563 360 618 gaudebunt.
392 564 444 607 Audi
465 581 519 610 nunc
540 569 565 610 de
586 569 713 611 similitudine
734 570 794 611 turris

37 636 102 677 ornnia
118 636 174 688 haee,
191 640 211 676 et
226 635 322 677 haetenus
338 637 384 679 mibi
401 637 426 678 de
439 639 564 680 revelatione
575 639 678 681 molestior
689 651 735 681 esse
746 639 793 680 noli.

35 706 178 747 Revelatioues
194 706 247 746 eninr
262 707 312 747 istae
328 707 387 748 finern
401 707 485 759 babent,
501 709 594 762 impletae
609 715 656 751 sunt
670 710 728 750 enirn.
755 708 795 750 Sed

36 780 56 818 tu
76 789 117 818 non
139 776 214 817 desinis
235 778 255 817 in
276 777 363 830 petendo
384 778 531 828 revelationes;
555 777 674 833 ¹irnprobus
696 780 747 820 enirn
766 791 795 820 es.

36 839 106 888 Turris
123 846 215 900 quidem,
232 860 290 901 quarn
306 847 362 889 vides
377 848 490 902 aedificari,
507 861 547 903 ego
563 862 606 891 surn
623 850 722 903 ecclesia,
743 862 795 903 quae

35 918 69 959 tibi
89 919 184 972 apparui,
207 924 227 960 et
247 919 307 962 rnodo
329 923 348 960 et
367 920 429 973 prius.
461 920 605 975 Quodcumque
621 921 682 976 igitur
697 921 793 973 volueris,

35 990 138 1044 interroga
155 988 180 1029 de
196 989 256 1042 turri,
279 994 298 1031 et
313 990 408 1032 revelabo
425 990 471 1043 tibi,
491 995 513 1032 nt
528 991 617 1045 gaudeas
638 1004 682 1033 curn
698 991 792 1033 sanctis.“

34 1061 84 1102 Diuo
102 1061 133 1101 ei:
157 1060 261 1113 ,dontina,
277 1059 370 1114 quoniarn
386 1074 418 1102 rne
434 1061 497 1102 sernel
513 1061 593 1117 dignum
610 1062 703 1104 arbitrata
719 1074 754 1115 eS,
771 1066 793 1103 ut

35 1130 100 1170 omnia
117 1131 163 1171 rnihi
178 1132 265 1184 reveles,
283 1131 371 1173 revela.“
403 1132 436 1172 Ait
451 1132 510 1172 mihi:

34 1198 47 1241 d
63 1196 99 1241 aaa
113 1197 221 1254 ἐνδέχεται
242 1213 277 1243 σοι
297 1198 405 1242 donacio·
423 1200 597 1256 ²,quodenrnque
621 1203 732 1257 oportuerit
758 1202 792 1244 tibi

34 1269 128 1327 φθῆναι,
144 1264 363 1328 ἀποκαλυφθήσεται,
423 1273 516 1325 revelari,
532 1273 660 1326 revelabitur,

33 1346 108 1383 tantum
124 1346 145 1382 ut
160 1354 196 1383 oor
212 1347 266 1383 tuutn
282 1342 333 1396 apud
349 1342 454 1383 Dominunr
470 1339 507 1395 sit,
530 1348 550 1383 et
565 1355 591 1383 ne
609 1342 699 1394 dubites,
723 1343 791 1395 qnod-

9 1460 12 1463 ,
34 1425 119 1466 cunique
134 1411 230 1453 videris.“
257 1412 383 1466 Interrogavi
400 1412 463 1453 illarn:
481 1424 557 1465 ,quare
571 1413 631 1453 turris
644 1412 747 1454 aedificata
761 1418 792 1454 est

33 1494 96 1537 super
112 1495 186 1535 aquas,
198 1483 308 1524 dorninal“
335 1482 456 1537 Respondit:
474 1483 578 1536 ,dixeram
589 1484 624 1524 tibi
635 1488 655 1525 et
665 1484 727 1537 prius,
742 1497 793 1525 ver-

34 1558 99 1594 sutunr
116 1558 136 1593 te
153 1565 210 1606 esse,
233 1553 285 1594 circa
305 1557 415 1595 structuras
437 1553 543 1608 diligenter
563 1554 709 1607 innovantem,-
732 1554 793 1608 igitur

33 1624 125 1665 invenies
142 1625 252 1666 veritatem.
283 1624 350 1673 Quare
366 1636 416 1679 ergo
432 1635 494 1677 super
509 1635 571 1677 aquus
591 1623 707 1665 aedificatur
725 1625 792 1676 turris,

33 1694 89 1735 audi:
113 1696 206 1748 quoniarn
227 1695 266 1735 vita
285 1699 352 1736 vestra
372 1706 409 1747 per
427 1707 497 1747 aquanr
513 1694 567 1735 salva
584 1692 635 1736 facta
651 1698 693 1746 est,
716 1698 736 1735 et
751 1693 791 1735 fiet.

32 1763 121 1805 Fundata
143 1769 174 1806 est
194 1765 246 1806 enirn
267 1763 349 1806 ³verbo
371 1765 513 1818 omnipotentis
534 1769 554 1806 et-
571 1764 677 1806 honorifici
693 1756 790 1815 nominis}

33 1836 147 1877 continetur
163 1840 229 1876 autern
245 1836 269 1877 ab
288 1835 382 1880 invisibili
397 1837 470 1879 virtute
485 1835 542 1875 Dei.‘⁴

89 1905 121 1945 lV.
151 1905 284 1958 Respondeas
300 1905 345 1946 dico
362 1906 391 1946 ei:
416 1906 534 1959 „magnifiee
553 1905 627 1946 habent
648 1916 671 1946 se
692 1915 726 1946 res
746 1904 790 1945 hae.
857 1919 859 1921 ·

31 1975 60 2015 llli
76 1979 141 2016 autern
154 1976 242 2030 juvenes
258 1989 302 2028 serr,
318 1976 351 2029 qui
362 1975 478 2028 aedificant,
496 1976 597 2029 quisunt,
614 1974 725 2015 domina?“
754 1973 791 2025 „Hi

31 2048 77 2085 sunt
93 2046 160 2099 angeli
175 2047 225 2098 Dei,
242 2047 276 2098 qui
291 2047 356 2099 prirno
372 2046 472 2086 constituti
488 2049 545 2097 sunt,
563 2045 634 2098 quibus
650 2043 731 2085 tradidit
746 2044 791 2084 Do-

31 2116 95 2156 rninus
111 2117 226 2157 universam
242 2120 353 2156 creaturam
367 2127 430 2168 suarn,
446 2115 543 2168 struendi,
560 2114 677 2156 aedificandi
692 2118 711 2154 et
724 2113 791 2155 dorni-

30 2185 91 2225 nandi
107 2189 211 2227 creaturae
227 2185 285 2226 illius.
312 2183 366 2226 npffl,
381 2187 419 2227 bos
436 2186 488 2227 enirn
505 2186 675 2227 oonsurnnrabitur
690 2188 791 2225 structura

30 2255 110 2296 turris.‘⁴
138 2255 230 2308 ,Caeteri
245 2260 317 2308 autern,
334 2256 368 2308 qui
383 2255 489 2310 adportant
502 2255 586 2309 lapides,
603 2256 637 2308 qui
648 2253 724 2296 sunt?“
753 2252 791 2306 ,Et

53 2406 73 2451 l]
85 2405 230 2449 resumens,
244 2408 327 2453 rupidus.
345 2405 400 2441 Editi:
419 2406 453 2441 Alii
469 2407 523 2442 verba
538 2409 613 2453 firttdcto
625 2411 652 2441 ost
664 2408 697 2438 eto.
717 2402 738 2437 ad
751 2408 788 2437 tur-

29 2465 149 2510 tenporeonos.
169 2466 225 2498 Onon.
372 2478 375 2483 ·
419 2466 450 2498 rinr
462 2465 544 2499 referunt.

53 2522 74 2565 2)
87 2522 136 2555 lluno
157 2520 213 2554 loeurn
238 2521 296 2557 laudat
319 2526 400 2560 dictaeos
442 2523 461 2567 4)
474 2523 500 2556 Ab
513 2522 585 2567 angelis,
600 2519 717 2565 quibuslleus
730 2529 789 2554 curans

29 2579 77 2614 Alex.
91 2579 151 2613 Strorn.
165 2578 185 2621 Il,
200 2580 214 2613 l.
227 2591 244 2624 p.
257 2581 297 2614 430.
418 2580 519 2625 populorum
527 2580 591 2621 tribuit,
601 2578 674 2612 ecelesia
682 2577 788 2621 aedificatur,

53 2638 71 2680 3)
84 2637 112 2673 So,
125 2640 272 2681 eiraecstraper
283 2640 399 2684 bapti-sannam
418 2639 480 2683 qnippe
501 2638 529 2683 qui
548 2638 621 2682 populos
639 2645 679 2671 suos
697 2636 718 2669 ad
737 2636 787 2671 fidem

29 2707 84 2740 puae,
100 2708 154 2741 prtum
169 2698 194 2731 itu
210 2697 235 2731 sit
250 2698 326 2739 solidato
338 2699 398 2741 sicque
417 2695 507 2730 adducant.

29 2755 151 2798 enratiuaatur,
168 2756 207 2790 ideo
223 2756 272 2790 turm*
284 2760 312 2789 est
323 2755 397 2790 similis.
