1789 2987
70 188 114 224 LXII
364 182 533 219 PROIEGOIIENA.
696 183 827 229 [ErlsrotAE

70 300 137 343 nores,
155 293 198 333 ond
212 291 363 342 introductiou,
380 290 406 343 by
424 290 633 342 wodanem-eron,
649 289 675 330 II.
691 289 716 331 A.
732 292 755 332 F.
769 292 793 332 R.
807 291 827 333 S.

71 362 173 415 coaptato
183 362 205 401 in
216 362 319 414 ordinary
330 366 350 401 to
361 361 399 400 Iter
409 363 498 415 rnojesiy
509 363 541 404 die
553 375 623 416 queen.
648 360 737 401 Loudnn
751 362 826 402 1849ss

127 431 148 470 In
164 431 227 483 priori
243 431 331 471 editione
350 431 423 484 syriaci
445 437 512 472 textus
532 434 564 473 vir
584 432 710 472 doctissimus
731 443 771 471 non
790 432 829 472 nisi

69 513 109 542 uno
125 500 195 540 codice
211 501 270 541 trium
286 501 361 541 iliorum
378 501 507 554 epistolarum
527 505 608 556 integro
626 513 674 542 risus
690 506 726 541 est.
758 500 829 542 Codex

69 570 118 610 alter
139 581 181 610 non
203 570 241 610 nisi
264 570 367 624 epistolum
390 570 413 610 ad
437 571 569 625 Poiycarpum
593 572 711 612 continebat.
745 570 767 611 In
790 571 829 611 ad-

70 639 160 681 ornando
171 653 221 681 vero
234 635 339 693 „corpore
351 629 467 694 Ιςήεῑὶαηοα
480 642 554 682 tertius
569 642 646 694 quidem
659 641 724 682 codex
735 641 829 694 Syriacus

70 711 107 764 ipsi
123 716 204 763 praesto
221 716 270 761 erat,
287 712 319 762 qui
336 722 401 764 neqve
417 715 458 751 tres
474 715 548 751 tontum
565 717 584 751 et
600 711 680 752 easdem
696 711 765 764 Ignatii
783 710 829 762 epi-

71 780 133 821 stolas
146 786 165 821 et
176 782 195 821 in
208 779 276 821 eadem
288 780 344 820 brevi
356 780 418 821 forma
431 781 512 821 exhibet
525 779 574 836 [cir.
587 780 649 832 Cor-p.
660 781 704 833 Iun.
715 794 734 834 p.
746 777 829 835 XXXI).

72 850 115 898 Qun
131 862 154 889 rc
171 850 292 891 Curetonnm
312 851 333 890 in
354 851 449 903 opinione
470 863 505 891 sua
527 862 567 891 non
589 851 716 891 mediocriter
733 850 831 890 firnratum

72 932 125 969 esse,
136 932 195 961 nemo
207 920 314 960 mirabitur.
334 919 397 968 Quom
409 932 458 961 vero
470 919 536 960 codex
547 920 578 960 hic
590 921 675 961 eundem
685 920 744 973 piane
755 923 831 960 textum

71 989 218 1029 tatemerem
236 989 330 1039 eandem,
351 993 373 1029 ut
389 988 482 1040 dicimus,
504 988 596 1029 familiam
617 990 718 1042 pertinere
733 988 831 1039 videntur,

73 1059 130 1111 cnjus
147 1063 192 1099 sunt
208 1058 265 1099 ambo
285 1058 375 1110 priores,
397 1058 422 1097 ob
443 1058 576 1098 detectionem
598 1058 641 1110 ejus
662 1069 699 1098 nos
720 1057 831 1098 sententiis

71 1132 153 1167 nostrae
169 1128 259 1168 nuntium
276 1139 316 1167 non
332 1126 447 1167 mittendum
463 1131 560 1180 putamus.

130 1197 151 1238 Si
171 1198 202 1237 vir
223 1196 349 1237 doctissimus
370 1208 419 1250 prae
441 1198 516 1237 cunctis
536 1210 554 1250 p.
571 1196 613 1236 VIII
628 1209 671 1250 sqq.
694 1187 733 1237 non
754 1199 831 1236 certum

72 1278 118 1307 esse
134 1267 242 1317 contendit,
259 1267 374 1306 versionem
389 1266 440 1307 ittam
457 1266 557 1319 Syriacam
574 1279 584 1306 a
599 1267 703 1307 utouucito
719 1265 831 1306 confectam

73 1348 126 1387 esse,
141 1335 161 1374 id
178 1336 225 1375 tanti
241 1348 282 1376 non
298 1336 375 1385 hebeo3
391 1336 457 1387 immo,
473 1338 490 1376 si
500 1337 628 1389 Episcopum
643 1341 675 1377 out
686 1336 832 1388 Presbyterum

72 1410 105 1446 out
128 1405 249 1446 Diaconum
271 1404 375 1458 quemdam
398 1406 502 1459 Syriacum
525 1406 583 1460 lmjns
605 1406 705 1446 versionis
729 1408 832 1445 auctorem

70 1479 142 1528 potare
157 1475 258 1526 volneris,
283 1486 322 1527 ego
342 1486 382 1514 non
402 1474 505 1527 obloquor.
537 1475 630 1514 Ceterum
646 1486 684 1513 nec
699 1486 731 1514 me
747 1486 830 1514 movere

70 1548 167 1599 possunt,
191 1556 243 1598 quae
263 1544 375 1585 Curetonvs
398 1543 449 1585 thesi
471 1549 563 1598 nostrae,
587 1545 702 1586 versionem
725 1545 781 1585 istem
804 1543 832 1585 nil

71 1616 109 1656 nisi
131 1616 233 1666 epitomen
251 1615 398 1669 Ignatianarum
419 1615 546 1666 epistolarum
567 1627 624 1666 esse,
647 1616 735 1668 opponit.
765 1614 832 1667 Ipsum

72 1685 141 1726 ondins
157 1698 174 1739 p.
191 1684 230 1726 IX:
255 1684 289 1737 „Is
305 1686 373 1735 diere,
396 1684 513 1738 therefore,
536 1698 579 1739 unu
600 1686 658 1739 ticino
672 1686 701 1726 -in
718 1686 750 1726 tire
769 1684 833 1726 Three

71 1756 164 1808 Epistles
190 1756 310 1796 therusrloes
335 1755 403 1796 iudicii
428 1755 501 1796 eooidd
526 1757 576 1796 tend
601 1761 621 1797 to
647 1756 702 1797 slieur
729 1756 783 1806 rtur,
811 1756 833 1795 iu

72 1827 126 1867 idcir
143 1831 230 1877 present
249 1825 306 1877 souin
326 1823 351 1880 (i.
368 1838 385 1866 e.
402 1820 534 1867 inversione
552 1824 657 1882 syriaco),
679 1826 726 1880 tliey
746 1839 784 1867 ore
805 1839 833 1866 un

72 1896 158 1948 epitome
174 1894 200 1946 of
211 1895 307 1936 irionkisii
324 1897 368 1935 oud
384 1897 463 1936 oscetic
480 1897 569 1949 origin?
602 1897 642 1938 Tne
658 1897 739 1949 Epistle
759 1903 779 1937 to
801 1898 834 1937 tire

71 1967 166 2007 Romans
182 1967 274 2006 conststs
291 1966 367 2006 utnzost
380 1966 467 2019 entirely
482 1965 507 2017 of
517 1973 643 2018 ornurnerits,
660 1968 726 2008 utico
739 1966 834 2020 ignotius

72 2048 135 2088 urgues
149 2048 207 2087 upon
224 2035 281 2076 those
298 2040 318 2076 to
333 2035 400 2076 mirum
415 2036 440 2075 Iie
456 2049 501 2076 rous
516 2038 612 2089 corinun,
634 2039 656 2078 in
675 2038 738 2079 order
757 2044 777 2079 io
799 2038 833 2079 iu-

73 2106 125 2146 duce
141 2106 194 2145 tieem
209 2110 229 2145 io
244 2105 326 2156 resroin
340 2105 397 2155 from
412 2106 496 2159 nundino
517 2118 559 2159 unu
579 2104 643 2158 effout
663 2113 683 2148 to
701 2121 785 2149 reuerso
802 2110 834 2149 tite

74 2177 149 2216 decree
164 2174 190 2226 of
204 2174 297 2226 Trujou,
318 2176 362 2215 oud
376 2181 396 2215 to
411 2189 462 2216 suue
477 2177 519 2216 titm
533 2176 589 2228 from
605 2177 637 2217 tite
653 2178 714 2218 deutlt
730 2185 751 2220 to
767 2179 835 2219 utico

73 2248 105 2287 Ire
121 2258 167 2286 roos
190 2245 325 2286 condemned.
362 2246 413 2286 Now
436 2247 454 2286 it
476 2247 495 2286 is
518 2259 531 2286 a
553 2247 695 2288 coeli-imorum
719 2248 766 2300 foci
790 2249 836 2289 iiiut

73 2316 217 2357 ruouusticism
239 2316 282 2356 eud
305 2315 436 2366 asceticisrn,
460 2316 483 2356 iu
504 2317 558 2357 their
580 2318 675 2369 simplest
698 2319 741 2358 unid
761 2323 837 2371 penest

71 2389 135 2442 fornii,
152 2384 229 2445 chiefly
243 2386 331 2426 derived
347 2387 400 2427 cueu-
417 2387 487 2440 orr'yiu
501 2385 557 2437 from
570 2388 603 2427 tte
617 2388 686 2428 desire
697 2389 766 2429 uuicti
779 2401 836 2431 some

74 2461 170 2498 couuerts
187 2462 208 2496 to
226 2455 367 2510 clotsuuuuy
381 2456 421 2507 felt
436 2462 456 2498 to
473 2458 537 2498 uooid
550 2459 697 2509 persecutiou,
720 2459 763 2499 urid
783 2472 835 2500 cou-

73 2532 160 2581 sequent
179 2527 322 2580 mortyrdom‚
345 2526 382 2578 for
403 2527 435 2567 die
452 2526 576 2579 profession
599 2525 625 2577 os
644 2527 697 2566 tiieir
718 2527 785 2579 suido,
811 2529 836 2582 by

73 2598 162 2649 retirinq
179 2604 199 2639 to
217 2599 276 2638 those
289 2597 339 2637 codd
351 2597 395 2638 und
406 2598 540 2650 sequestered
552 2601 617 2650 spots,
634 2597 702 2637 toliere
716 2598 762 2652 dieu
772 2600 837 2652 miylit

76 2680 151 2719 escape
168 2669 200 2709 dte
216 2668 353 2709 obseruation
369 2667 395 2719 of
408 2668 462 2708 iteu-
472 2668 543 2722 Puoon
552 2672 693 2718 persecutors.
718 2669 835 2721 Moreooer,

74 2738 86 2786 Ι
101 2750 134 2787 din
149 2743 187 2789 noi
201 2751 271 2787 umore
288 2739 333 2779 mm
348 2738 371 2778 in
387 2751 430 2798 driu
445 2738 572 2790 subsequent
585 2749 634 2795 uqes
646 2738 698 2779 suedi
711 2752 739 2783 ou
753 2744 837 2785 euruest
