1789 2987
85 221 127 262 342
247 215 339 251 unnrrnn
352 214 443 251 rnsron.
469 214 534 249 menn
546 215 559 249 r.
583 213 641 249 rrsro
653 213 681 247 rr.

409 322 466 376 lisio
485 321 519 378 lt.

87 447 89 455 ³
131 443 164 484 De
180 442 296 484 tentatione
311 447 332 482 et
347 440 485 483 tribulatione
500 441 620 484 horninibus
634 446 793 494 superventuro.

141 538 155 579 l.
178 539 282 580 Visionem
294 536 340 589 vidi,
357 537 436 589 fratres,
452 541 499 591 post
510 536 552 578 dies
564 536 634 590 viginti
645 535 741 589 pristinae
753 536 843 589 visionis,

83 609 169 665 figuram
192 608 341 650 ¹tribulationis
362 613 528 661 superventurae.
560 606 705 647 Proficiscebar
725 606 745 647 in
762 607 795 648 illa
811 606 844 648 via

84 677 214 733 ²Campana3
236 680 295 720 avia
316 682 382 719 autem
403 679 482 732 publiea
502 678 522 719 in
544 675 630 719 3villam
651 682 699 719 sunt
716 677 760 718 iere
780 677 844 720 stadia

84 749 160 791 decem.
181 750 234 791 Raro
251 754 317 791 autem
333 749 371 789 iter
386 748 407 789 iit
422 762 459 803 per
474 749 541 790 lorum
557 747 617 788 illum.
638 747 662 788 Et
674 749 730 790 solus
742 748 844 790 ambulans

83 821 181 876 rogabam
191 820 304 873 Dominum,
321 824 342 861 ut
357 820 494 861 revelationes
511 820 562 874 ejus,
578 810 627 871 quas
643 818 690 860 milri
707 819 794 860 ostendit
807 832 844 873 per

84 895 173 932 sanctem
185 890 291 932 eeclesiam
302 902 365 942 suam,
377 889 512 941 confirmaret,
525 894 544 930 et
555 889 612 929 daret
622 890 764 942 poenitentiam
776 889 843 931 omni-

83 962 120 1002 hus
137 962 203 1001 serris
219 960 268 1012 suis,
285 960 319 1012 qui
335 958 483 1001 lseandatizan
499 962 556 1008 sunt3
572 961 594 998 ut
609 959 753 1000 honorificetur
768 972 842 1001 nomen

84 1032 129 1086 ejus
145 1043 237 1085 magnum
255 1035 274 1071 et
289 1029 433 1080 honorificum
451 1027 495 1081 ⁵et,
512 1029 557 1082 quia
573 1040 605 1069 me
621 1028 702 1083 dignum
717 1030 843 1082 existimavit,

83 1106 105 1142 ut
119 1101 236 1143 ostenderet
246 1101 293 1141 mihi
304 1101 400 1142 mirabilia
416 1111 458 1153 sua,
475 1104 495 1140 et
506 1112 550 1140 eum
562 1099 722 1152 honorificarem,
739 1103 759 1139 et
769 1101 843 1154 gratias

84 1183 172 1226 agerem.
205 1171 313 1224 Tamquam
328 1183 370 1212 vox
386 1170 433 1212 mihi
448 1169 565 1224 respondit:
583 1183 622 1221 ,ue
639 1169 729 1222 dubites,
745 1170 842 1211 Hermal“

83 1241 136 1283 lntra
148 1254 180 1282 me
191 1254 241 1296 ergo
253 1242 312 1296 coepi
323 1243 413 1297 rogitare
425 1247 445 1283 et
457 1241 537 1283 dicere:
549 1252 602 1295 „ego
614 1240 661 1294 quid
672 1239 736 1281 habeo
746 1239 843 1294 dubitare,

83 1313 113 1353 sic
128 1311 222 1353 fundatus
234 1324 245 1352 a
256 1312 348 1366 Domino,
365 1317 385 1353 et
400 1314 434 1366 qui
449 1312 490 1354 ridi
505 1310 626 1353 honorificas
637 1311 702 1351 resti
719 1311 843 1367 Progressus

83 1395 128 1424 sum
145 1383 251 1436 paululum,
268 1383 347 1435 fratres,
364 1387 383 1423 et
399 1396 448 1424 enee
459 1382 519 1425 rideo
531 1383 634 1436 pulverem
646 1394 710 1436 usqne
722 1382 746 1423 ad
759 1383 843 1424 eoelum.

85 1454 148 1507 Coepi
165 1453 233 1495 dicere
249 1453 300 1494 intra
316 1466 358 1495 me:
376 1454 484 1508 ,numquid
498 1455 588 1508 jumenta
604 1453 693 1505 veniunt,
710 1457 729 1493 et
739 1454 843 1507 pulverem

85 1524 203 1564 excitant?“
235 1524 325 1565 Distabat
347 1528 411 1564 auteur
428 1539 439 1566 a
455 1537 487 1564 me
507 1529 605 1577 tamquam
627 1522 716 1564 stadium.
747 1523 771 1564 Et
787 1536 842 1576 ecee,

83 1592 141 1633 video
153 1594 216 1647 arogis
228 1594 332 1648 magisque
343 1594 447 1647 pulverem
458 1598 609 1648 exsurgentem,
626 1592 676 1633 adeo
687 1597 709 1634 nt
719 1595 841 1648 suspicarer,

82 1674 128 1703 esse
144 1662 218 1716 aliquid
234 1662 333 1704 divinitus.
364 1665 459 1706 Pusillum
474 1668 539 1706 autem
555 1664 681 1717 resplenduit
696 1664 739 1716 sol,
756 1669 776 1704 et
792 1677 840 1717 eece

80 1732 141 1773 video
157 1733 241 1774 bestiam
257 1746 348 1788 magnam
364 1735 426 1776 veluti
436 1720 539 1787 ⁴6oetam,
559 1738 579 1775 et
595 1747 621 1774 ex
637 1745 673 1774 ore
690 1736 734 1788 ejus
749 1735 840 1776 locustae

79 1802 152 1857 igneae
168 1804 311 1856 procedebant.
337 1803 385 1845 Erat
401 1810 466 1846 autem
482 1810 557 1847 statura
573 1805 649 1845 hestiae
661 1804 711 1845 illius
722 1804 785 1859 pedes
796 1805 840 1846 iere

80 1878 165 1925 eentum,
183 1878 322 1928 reputantem
338 1874 424 1916 hahebat
439 1881 537 1929 tamquam
553 1886 589 1916 vas
605 1874 681 1915 urnale.
711 1874 773 1928 Coepi
789 1875 840 1916 flere

80 1948 101 1984 et
116 1945 212 1985 invocare
223 1944 336 1997 Dominum,
353 1950 374 1986 ut
390 1957 422 1985 me
437 1946 533 1986 liberaret
549 1946 572 1986 alr
588 1945 627 1985 illa.
650 1944 728 1985 Deinde
739 1938 839 1987 reeorda-

78 2016 110 2054 tus
125 2025 168 2053 sum
185 2014 253 2066 verbi,
271 2014 324 2067 quod
341 2015 452 2056 audieram:
470 2028 509 2068 ,ne
525 2015 614 2068 dubites,
631 2014 724 2055 Herma.“
755 2015 838 2058 indutus

80 2096 136 2139 ergo,
153 2083 232 2136 fratres,
248 2084 308 2126 fidem
319 2085 362 2138 Dei,
379 2090 399 2126 et
412 2090 540 2138 memoratus,
557 2085 601 2138 quis
613 2085 680 2126 docuit
691 2098 722 2136 me
732 2087 838 2143 triagnello,

78 2153 175 2194 audenter
190 2155 210 2194 in
226 2155 310 2196 bestiam
326 2168 358 2197 me
374 2156 450 2198 tradidi.
480 2156 513 2198 Sic
529 2161 594 2197 autem
610 2156 704 2197 veniebat
719 2157 783 2198 hestia
799 2157 838 2209 illa,
869 2176 872 2180 ·

79 2224 106 2265 ita
121 2227 143 2264 ut
157 2229 228 2277 posset
243 2225 263 2265 in
279 2227 318 2266 ietu
335 2227 434 2268 civitatem
451 2227 525 2268 delere.
546 2226 596 2269 Veni
613 2238 676 2279 prope
692 2226 751 2278 illam,
768 2232 838 2268 ettam

77 2293 160 2347 grandis
176 2295 240 2334 bestia
257 2294 346 2335 extendit
362 2308 384 2336 se
400 2297 419 2336 in
435 2302 515 2347 terram,
532 2300 551 2346 et
567 2295 614 2336 nihil
630 2296 668 2336 nisi
684 2297 771 2350 lingnam
786 2309 838 2350 pro-

102 2386 119 2431 1]
133 2385 356 2431 Tribulationemintelligit
369 2387 447 2422 subDo-
489 2387 508 2432 5]
523 2386 615 2420 Construe:
635 2389 716 2429 orntum,
738 2394 757 2422 ot
775 2388 801 2433 [et
820 2390 837 2422 in

77 2445 153 2478 mitiano.
173 2447 230 2478 Oxos.
243 2447 296 2478 Epir.
466 2445 562 2490 posterum]
576 2447 620 2480 ruiti
631 2446 721 2479 urirulriliu
731 2457 766 2480 suu
775 2453 836 2482 ueterr-

100 2503 119 2544 2)
133 2501 175 2551 Le.
188 2506 253 2549 Appio,
271 2513 314 2548 quae
329 2502 390 2537 Cumas
404 2502 447 2547 (vis.
466 2506 525 2546 deret,
551 2505 592 2548 putu
614 2502 689 2548 [adhuc]
714 2515 741 2538 ure
765 2507 837 2551 diprurm

76 2559 97 2604 Il,
112 2560 130 2605 1]
144 2560 196 2593 ducit.
467 2563 583 2596 existimauit.
609 2560 697 2595 Gallandio
714 2563 767 2607 magis
780 2563 837 2607 placet

99 2617 118 2662 3)
132 2617 165 2651 Cir.
180 2618 213 2653 Vis.
227 2618 255 2661 Ill,
270 2619 290 2653 l:
304 2622 323 2655 in
336 2633 404 2667 operent-
466 2620 517 2653 lectio
530 2618 582 2667 Felli:
599 2622 623 2655 Et
636 2632 689 2665 quum
701 2623 837 2666 iuuaturifieureru

99 2677 119 2721 4]
149 2675 282 2719 &mistrinam
312 2693 335 2710 =
366 2691 446 2724 peceare,
466 2684 483 2712 et
493 2680 562 2722 pretias
573 2690 647 2723 opereat,
660 2685 747 2724 turuquoru
758 2686 835 2714 ennete.

76 2736 185 2779 delinquere,
216 2737 241 2785 tn-
265 2748 337 2771 errores·
362 2739 446 2773 trucidare.
489 2734 507 2778 6)
522 2734 834 2783 &editoe-1177.12‚3113‚isq.

75 2793 194 2828 Sourrussrm
467 2793 495 2837 17,
508 2795 553 2839 8sq.
569 2799 585 2827 et
598 2796 698 2830 Jnetunnno
710 2806 728 2839 p.
742 2795 769 2830 58.
783 2796 811 2830 59.
