1765 2987
213 191 344 228 nranrrruun
356 191 372 228 s,
381 191 512 243 proruerunt,
526 192 561 227 vn.
575 191 617 227 nn.
630 191 658 227 rx.
773 166 814 237 281

58 303 122 344 cibum
144 304 164 341 et
183 304 252 354 potum
272 301 345 354 apponi
367 301 437 355 jussit,
459 306 551 355 quantum
569 301 657 351 vellent,·
677 300 733 354 petiit
749 306 816 345 autern

57 375 80 414 ab
97 371 141 423 illis,
158 375 179 412 ut
194 371 232 425 ipsi
248 370 317 411 darent
332 371 395 411 horae
411 373 495 424 spatium
507 370 531 412 ad
542 372 605 412 libere
619 371 723 413 orandum.
756 371 816 420 Quod

57 455 101 484 cnm
117 441 278 492 concessissent,
300 444 355 481 stans
371 440 451 492 orata,
472 442 543 494 plenus
559 442 622 496 gratia
638 442 687 492 Dei;
709 441 772 493 adeo,
794 446 816 482 ut

56 524 94 566 per
109 510 158 551 duas
174 510 234 552 horas
250 516 318 551 tacere
333 522 373 551 non
389 515 464 565 posset,
481 524 505 552 ac
521 512 687 564 obstupescerent
705 513 815 564 auditores,

56 581 170 634 multosque
185 592 255 622 eornm
270 580 390 634 poeniteret,
407 579 461 634 quod
476 580 573 622 adversus
589 592 665 633 senem,
684 582 727 623 Deo
745 587 814 623 tanto-

55 663 106 706 pere
122 655 207 705 gratum,
223 651 333 692 venissent.

216 778 264 819 vill,
294 778 426 832 Pnlpcarpas
441 778 464 819 la
480 777 551 819 urbem
566 778 655 819 dacctrar.

116 859 164 902 Cum
180 864 245 901 autem
260 860 397 913 precationem
413 860 503 911 finiisset,
519 860 589 913 inqua
606 863 726 902 mentionem
741 862 818 903 lecerat

57 931 149 983 omnium,
167 932 201 984 qai
219 929 342 983 ¹aliquando
359 943 403 971 curn
420 931 464 984 ipso
481 931 587 985 congressi
604 930 690 984 lucrant,
708 945 817 986 parvorum

57 1002 136 1056 quidem
153 1007 173 1042 et
187 1013 317 1055 magnorum,
340 1001 440 1043 clarorum
461 1005 481 1041 et
497 1002 640 1053 obscurorum,
661 1003 763 1056 totiusque
780 1015 817 1057 per

57 1074 126 1114 orbem
141 1078 239 1114 terrarum
251 1072 360 1113 catholicae
372 1071 483 1121 ccclesiae;
499 1084 600 1125 quumque
613 1071 662 1112 hora
674 1072 818 1125 proficiscendi

56 1143 152 1195 uenisset,
169 1143 225 1184 asino
242 1154 286 1183 eum
303 1143 435 1195 imponentes,
451 1142 471 1183 in
487 1143 557 1183 urbem
570 1142 670 1184 duxerunt
685 1143 717 1183 die
733 1141 818 1198 ‘²inagni

56 1213 139 1255 sabbati.
170 1213 194 1254 Et
210 1214 297 1254 occurrit
313 1213 331 1253 ei
346 1213 439 1254 Herodes
455 1212 566 1263 irenarcha,
582 1225 606 1253 ao
621 1217 678 1266 pater
694 1215 738 1267 ejus
751 1213 817 1255 lllice-

56 1289 99 1335 tas,
116 1281 195 1324 ³curru
211 1275 275 1333 recti,
294 1284 328 1335 qui
344 1287 363 1322 et
379 1283 460 1323 eumin
476 1295 577 1323 carrucam
594 1295 650 1323 suam
665 1284 816 1335 transtulerunt,

56 1354 209 1406 assidentesquc
225 1351 360 1405 hortabantur,
377 1353 478 1393 dicentes:
494 1353 545 1407 quid
559 1353 613 1392 euim
628 1353 678 1393 mnlt'
694 1358 731 1403 est,
748 1354 818 1393 dicere

57 1423 65 1448 ¹³
73 1426 187 1476 „dominus
200 1424 304 1475 Cacsar,“
320 1428 339 1463 et
351 1424 479 1476 sacrificare,
495 1428 557 1476 atquc
570 1424 601 1463 ita
614 1424 696 1463 satana
710 1424 817 1478 enudare?

55 1495 90 1536 lile
113 1499 178 1535 autem
201 1495 285 1547 primurn
306 1494 386 1546 quidem
408 1494 437 1534 eis
460 1506 500 1534 nou
521 1492 636 1546 respondit;
660 1494 696 1534 sed
718 1506 762 1534 curn
783 1495 817 1535 in-

57 1569 144 1616 starent,
165 1563 224 1604 dixit:
244 1563 343 1614 facturus
358 1577 402 1605 non
417 1577 475 1615 surra,
496 1564 553 1617 pand
569 1561 668 1604 suadetis
681 1564 735 1604 anilii.
767 1564 818 1605 'lam

57 1635 91 1686 illi,
108 1634 196 1675 lruslrati
212 1646 248 1687 spe
264 1634 358 1675 llectendi
374 1647 425 1686 eum,
442 1633 588 1675 contumeliose
602 1634 620 1673 ei
637 1635 698 1675 verba
715 1634 816 1687 dixerunt,

58 1710 77 1746 et
89 1718 132 1745 cum
144 1705 270 1744 vehementia
282 1704 399 1758 dejecerunt
415 1718 459 1746 cum
475 1703 503 1744 ⁵e
520 1716 586 1753 curru,
603 1704 661 1755 adeo,
677 1709 698 1745 ut
709 1718 720 1746 e
732 1717 817 1747 carruca

58 1775 128 1816 exiens
145 1774 210 1814 tibiam
227 1773 352 1814 distraheret.
383 1774 423 1815 Sed
439 1786 565 1826 nequaquam
581 1760 705 1826 commotus,
724 1779 743 1815 et
759 1775 818 1828 qirasi

56 1845 104 1886 niliil
120 1844 165 1889 mali
181 1855 252 1897 passus
268 1847 334 1896 esset,
356 1844 449 1885 alacriter
471 1849 490 1884 et
510 1856 599 1897 propere
618 1845 727 1899 pergebat,
747 1845 818 1886 ductus

57 1915 81 1956 ad
102 1915 193 1954 stadium.
224 1914 298 1955 Tantus
322 1926 372 1956 vero
393 1920 436 1955 erat
457 1915 477 1955 in
498 1914 562 1955 stadio
585 1915 692 1966 tumultus,
716 1919 737 1955 ut
759 1926 818 1956 tremo

56 1990 127 2040 posset
142 1983 213 2026 audiri.
264 1982 266 1986 ’

116 2112 148 2153 ΙΧ.
179 2112 311 2166 Potpcurpas
328 2112 410 2153 cni-tam
424 2112 514 2154 Domino
530 2125 569 2154 sao
587 2125 630 2153 aon
649 2113 760 2154 maledicti.

116 2195 227 2248 Polycarpo
245 2199 317 2246 antem,
332 2195 413 2234 intranti
428 2195 448 2234 in
465 2195 556 2245 stadium,
573 2206 615 2235 uox
630 2195 710 2235 ecoelo
723 2193 818 2248 contigit:

57 2262 121 2314 fortis
137 2270 179 2305 esto
197 2271 217 2304 ct
231 2265 322 2305 uiriliter
337 2278 387 2317 ape,
404 2264 535 2317 Polycarpcl
564 2264 650 2304 Etcum
671 2264 763 2316 quidem,
786 2265 819 2316 qni

57 2345 128 2373 uocem
145 2334 219 2384 erriisit,
241 2346 300 2375 nomo
322 2335 380 2384 vidit;
401 2347 473 2375 vocem
490 2340 554 2375 autem
570 2336 583 2374 ii
602 2335 720 2385 amlierunt,
742 2335 776 2386 qui
792 2347 819 2375 ex

57 2404 133 2444 nostris
149 2409 266 2456 praesentes
283 2409 344 2446 erant.
376 2402 661 2445 ⁶Geterun1introductoillo
677 2416 761 2457 magnus
777 2406 819 2442 erat

58 2474 153 2513 tumrultus
170 2486 245 2525 eorum,
263 2475 296 2526 qui
310 2474 442 2528 Polycarpum
458 2474 626 2528 comprehensum
642 2463 688 2514 csse
707 2474 817 2514 audierunt.

81 2586 99 2627 3)
117 2584 156 2619 ’Eat
174 2585 194 2620 τό
212 2584 266 2631 ὄχημα
284 2588 370 2633 glossema
389 2599 428 2622 esse
470 2589 489 2630 5]
510 2585 552 2620 Ἀπὸ
576 2589 607 2619 τοῦ
631 2585 713 2631 ὀχήματος
732 2586 820 2632 glossema

57 2644 130 2679 videtur.
149 2647 246 2679 Jacouson.
401 2652 403 2655 “
447 2657 485 2679 esse
498 2645 571 2678 uidetur.
591 2648 687 2678 Jacuasou.

81 2703 100 2742 l)
118 2696 191 2737 Codices
210 2713 269 2736 omnes
289 2704 353 2738 habent
373 2701 427 2748 κύριος.
469 2703 488 2745 6)
501 2702 564 2734 Vocem
577 2702 642 2737 λοιπόν.
660 2712 704 2746 quae
717 2702 772 2735 statim
786 2713 818 2736 re-

57 2756 112 2794 Editi:
125 2758 171 2805 alpe.
189 2764 285 2796 Jacoasou.
447 2762 507 2803 currit,
521 2760 587 2793 uncinis
599 2759 668 2794 inclusit
679 2759 793 2795 Jacobsonus.
