1765 2987
248 192 317 227 INDEX
328 192 405 227 RERUM
417 193 445 227 ET
457 193 612 230 Paasohhuuh.

76 298 213 333 116661661218.
238 298 290 332 Filius
303 299 336 332 Dei
352 300 391 334 ideo
404 301 421 334 in

76 367 127 391 carne
140 357 197 399 venit,
214 363 233 391 nt
251 368 333 391 summam
345 359 420 402 peccatis

75 415 173 458 imponeret
190 415 220 457 10,
239 421 257 448 et
273 426 304 449 nos
322 416 420 450 etenehris

75 471 169 506 redimeret
176 471 204 506 36.
220 472 303 506 Dominus
313 484 382 507 carnem
391 485 419 507 as-

75 530 135 565 sumsit
153 529 193 562 226.
219 529 294 564 06115165
311 541 353 564 vere
372 537 421 565 natus

77 593 102 622 est
115 598 137 620 ex
148 587 219 632 Virgine
232 593 249 621 et
261 588 356 632 baptizatus
369 600 378 622 a
389 590 421 624 Jo-

76 657 120 679 anne
133 646 172 681 222.
187 646 226 680 192.
246 646 297 679 Stella
307 648 421 681 innativitate

76 702 137 737 Christi
158 704 234 749 fulgebat
256 704 296 737 168.
325 703 421 748 Principem

75 761 125 804 hujus
139 762 196 795 mundi
204 761 252 795 latuit
261 761 421 806 illariae‘virginitas

77 824 94 853 et
106 825 165 864 partus
177 820 230 863 ipsius
243 819 282 852 168.
304 819 379 853 06115165
392 830 422 853 661

75 887 114 912 5616
128 878 189 910 6115565
198 876 238 910 312.
253 876 329 911 06115165
338 878 355 910 16
364 877 421 909 humi-

75 936 124 969 litate
141 936 202 979 venit,
222 935 267 969 facie
288 936 368 980 despecta
387 934 421 977 743

75 993 130 1027 factus
143 998 170 1027 est
182 995 255 1027 omnium
268 994 344 1027 minister
356 993 395 1025 262.

99 1051 119 1086 V.
141 1050 420 1096 Christipraedicatio.

76 1108 151 1144 Christus
167 1110 216 1143 nobis
234 1108 359 1154 evangelizavit
372 1109 421 1152 jussu

75 1167 108 1200 Dei
125 1167 165 1200 110,
191 1166 265 1200 Christus
282 1177 335 1200 verax
353 1173 379 1201 est
396 1177 421 1208 os,

76 1225 92 1258 in
107 1235 140 1270 quo
149 1224 199 1258 Pater
211 1235 252 1258 vere
262 1224 329 1257 locutus
343 1231 369 1258 est
381 1224 420 1257 206.

77 1282 153 1316 Christus
165 1284 222 1325 verrit,
237 1293 271 1316 non
284 1292 347 1316 vocare
357 1283 421 1327 justos,

76 1340 106 1374 sed
120 1346 221 1384 peccatores
234 1340 250 1372 9.

100 1388 127 1431 lll.
144 1396 226 1432 Christi
238 1399 317 1442 passio
332 1404 354 1431 et
367 1409 422 1432 mors

76 1456 211 1500 expiatoria.
233 1454 294 1490 Christi
307 1457 365 1500 passio
379 1467 422 1489 con-

76 1515 114 1558 tigit
134 1518 212 1557 tempore
233 1510 353 1558 praefecturae
373 1513 422 1546 Pilati

76 1571 116 1605 182.
134 1570 209 1605 Christus
222 1582 255 1605 nou
268 1573 324 1615 potuit
336 1573 377 1615 pati,
390 1572 422 1604 nisi

77 1634 147 1674 propter
159 1639 191 1663 nos
205 1630 232 1663 16.
257 1628 319 1663 Christi
335 1639 380 1662 mors
393 1629 422 1662 ri-

77 1688 123 1721 caria
135 1689 177 1722 itia.
202 1686 255 1731 Plaga
267 1698 296 1720 sua
311 1696 342 1720 nos
355 1686 421 1720 vividos

75 1744 133 1777 reddit
144 1746 187 1780 itta.
205 1743 254 1778 Cruci
267 1744 326 1778 ailixus
339 1750 388 1777 aceto
402 1755 422 1778 ac

75 1800 117 1837 telle
130 1802 220 1846 potabatur
236 1804 277 1837 ttist.
303 1802 378 1836 Christus
391 1813 421 1835 ras

75 1860 144 1904 spiritus
156 1862 189 1903 sui,
202 1862 213 1893 1.
223 1871 238 1893 e.
252 1870 314 1904 corpus
327 1863 374 1893 suum
387 1859 420 1893 ob-

75 1917 113 1950 tulit
129 1914 202 1951 bostiam
219 1927 251 1962 pro
269 1918 420 1961 peccatisnostris

74 1976 116 2010 itta.
136 1975 155 2008 ln
168 1977 250 2020 sanguine
259 1974 328 2008 Domini
336 1975 420 2007 redemtio

74 2037 132 2066 nostra
145 2034 173 2067 70.
193 2032 267 2074 Christus
281 2044 340 2078 passus
352 2038 378 2065 est
388 2042 419 2077 pro

74 2089 158 2132 omnibus,
172 2093 200 2135 qui
213 2091 254 2124 salvi
267 2091 309 2123 liunt
320 2091 364 2132 2903
378 2102 419 2134 pas-

75 2157 103 2180 sus
116 2152 142 2180 est
154 2154 225 2192 propter
237 2153 304 2182 nostras
315 2148 419 2192 iniquitates,

74 2210 92 2238 et
103 2211 175 2248 peccata
188 2212 245 2239 nostra
257 2211 314 2250 portat
327 2205 354 2239 74.
362 2224 364 2226 ·
373 2204 419 2239 066-

73 2264 123 2296 ritate
145 2263 204 2296 ductus
225 2261 300 2296 Christus
321 2265 419 2307 sanguinem

73 2331 121 2354 suum
133 2331 164 2365 pro
177 2320 226 2354 nobis
239 2320 307 2354 tradidit
321 2327 338 2355 et
351 2331 420 2355 carnem

73 2390 120 2413 suam
134 2389 164 2424 pro
178 2389 229 2412 carne
242 2384 301 2413 nostra
317 2385 335 2413 et
348 2380 419 2424 animam

73 2447 104 2480 pro
117 2437 205 2471 animabus
218 2438 279 2470 nostris
294 2438 333 2471 120.
360 2438 420 2472 Christi

72 2495 152 2538 sanguis,
169 2500 240 2539 propter
255 2502 330 2530 nostram
347 2496 420 2529 salutem

74 2551 147 2595 effusus,
168 2554 201 2585 toti
220 2553 283 2587 mundo
301 2555 419 2598 poenitentiae

72 2611 144 2652 gratiam
154 2609 225 2642 contulit
234 2610 261 2643 62.
276 2610 352 2644 06115165
359 2621 419 2655 passus

73 2671 109 2709 est,
122 2672 140 2700 ut
152 2678 184 2701 nos
196 2668 295 2701 remissione
309 2656 418 2713 peccatorum

766 196 808 238 451

461 297 555 343 lab'orarit,
576 302 700 346 plurimumque
717 311 811 346 perpessus

463 365 495 401 est,
509 365 527 392 nt
540 359 616 393 aboleret
629 359 692 393 delicta
706 358 810 403 singulorum

463 416 503 449 387.
529 416 605 450 Christus
619 428 678 460 passus
691 422 723 460 est,
737 423 754 450 ut
767 427 810 460 pro-

463 476 531 508 missum
540 475 639 519 parentibus
648 474 728 509 redderet
737 474 752 508 8.
767 474 810 507 Sus-

462 533 523 575 tinuit,
536 538 554 565 ut
566 543 638 566 vacuam
651 532 716 566 faceret
731 538 809 575 mortem,

463 596 480 623 et
490 591 511 624 de
521 591 590 623 mortuis
598 591 741 624 resurrectionem
749 595 809 623 osten-

464 648 513 681 deret
530 648 546 681 8.
572 646 647 681 06115165
666 659 685 682 56
704 650 759 692 ipsum
778 658 809 692 pro

462 704 513 738 nobis
533 704 593 738 obtulit
611 705 649 739 Deo
670 706 775 739 oblationem
793 710 811 738 et

464 760 537 795 hostiani
550 762 590 796 152.
608 762 700 797 Funiculus
713 764 810 804 coccineus,

465 828 474 850 e
484 819 535 852 domo
543 818 602 852 Rahab
611 820 701 863 demissus,
711 825 736 853 est
745 820 811 863 signum

464 875 577 909 redemtionis
589 883 658 910 nostrae
671 888 702 922 per
710 878 810 922 sanguinem

465 931 526 967 Christi
539 935 568 968 70.
593 935 626 969 Ρ61
641 936 739 979 mysterium
752 935 810 968 mortis

464 989 525 1024 Christi
537 993 587 1026 fidem
600 996 697 1038 accepimus
713 993 752 1027 180.
777 993 809 1026 Pro

463 1048 502 1084 lide⁴
516 1049 571 1083 divina
585 1049 660 1085 Christus
677 1052 766 1085 crucifixus
785 1056 810 1083 est

463 1107 504 1140 166.
524 1106 586 1141 Christi
599 1110 656 1152 passio
670 1114 696 1143 est
706 1109 809 1143 resurrectio

463 1170 521 1198 nostra
532 1166 572 1199 226.
590 1166 612 1199 Et
621 1166 689 1210 Angeli,
702 1168 717 1199 si
725 1176 760 1199 non
769 1177 809 1199 cre·

464 1222 504 1256 dant
516 1224 533 1256 in
546 1224 645 1269 sanguinem
659 1222 725 1266 Christi,
739 1223 809 1267 judica-

464 1280 526 1313 buntur
538 1281 578 1314 226.
598 1281 673 1316 06115165
681 1293 724 1317 vere
732 1284 748 1315 in
758 1293 809 1316 carne

463 1348 523 1380 passus
537 1345 568 1380 cst,
582 1349 616 1372 non
627 1338 646 1371 τὸ
655 1338 710 1372 δοκεῖν
719 1340 759 1374 222.
769 1340 809 1376 224.

466 1395 505 1428 102.
530 1396 605 1430 06115165
623 1408 665 1431 vere
684 1398 773 1431 crucifixus
793 1403 811 1431 et

465 1459 540 1487 mortuus
549 1460 581 1497 est,
593 1455 692 1489 videntibus
701 1455 811 1498 coelestibus,

464 1512 573 1545 terrestribus
596 1519 613 1546 et
636 1513 750 1546 subterraneis
772 1513 811 1547 192.

450 1567 526 1602 'Christi
547 1572 616 1614 passio,
640 1572 697 1616 passio
718 1571 750 1604 Dei
770 1571 811 1605 201.

465 1626 541 1661 06115165
548 1628 579 1660 566
587 1627 648 1662 Pontio
654 1628 709 1662 Pilato
717 1635 734 1662 61
741 1628 810 1663 Herode

463 1695 506 1717 vere
519 1685 573 1718 clavis
586 1686 662 1719 confixus
675 1692 701 1719 est
714 1697 746 1730 pro
758 1686 809 1720 nobis

464 1743 480 1774 in
494 1753 545 1776 carne
560 1743 598 1776 162.
612 1744 651 1777 192.
665 1744 705 1777 222.
718 1744 760 1778 224,

472 1798 809 1835 Vll.Christussalvatornoster

464 1857 501 1892 152.
514 1859 554 1891 256.
568 1859 608 1893 172.
628 1859 704 1894 Christus
713 1870 745 1893 uos
754 1870 807 1893 reno-

462 1917 509 1949 varit
520 1927 552 1959 per
562 1917 680 1949 remissionem
690 1922 807 1961 peccatorum,

462 1978 480 2005 ut
493 1973 541 2006 aliam
554 1973 625 2006 formam
638 1974 752 2017 haberemus,
768 1976 808 2008 ani-

461 2041 505 2064 mam
524 2041 585 2076 nempe
602 2042 693 2076 puerorum
710 2033 763 2066 instar
780 2032 807 2067 12,

462 2088 501 2122 Sine
519 2089 584 2123 Christo
602 2091 654 2123 vitam
671 2101 705 2124 non
725 2091 808 2124 habemus

462 2145 501 2180 192.
520 2145 596 2181 Christus
609 2153 635 2181 est
648 2159 687 2192 spes
700 2153 758 2182 nostra
769 2148 808 2191 182,

463 2209 480 2237 et
492 2205 527 2239 vita
540 2211 598 2239 nostra
611 2206 652 2240 224.
676 2206 734 2240 Passio
748 2205 809 2240 Christi

461 2273 492 2296 nos
505 2264 573 2298 vividos
590 2265 665 2298 reddidit
679 2265 707 2298 16.
733 2263 808 2297 06115165

462 2320 503 2355 16611
515 2329 635 2369 pracceptum,
648 2323 660 2354 i.
673 2333 688 2355 e.
701 2321 756 2354 Patris
767 2321 807 2363 jus-

462 2379 616 2424 sionem-implevit
628 2379 649 2412 de
660 2378 727 2412 humani
738 2379 807 2422 generis

461 2440 568 2482 reparatione
581 2438 609 2470 10.
626 2435 701 2470 06115165
710 2437 767 2469 salvos
775 2446 807 2470 nos

461 2494 508 2537 fecit,
521 2505 571 2538 quum
585 2494 655 2527 uldisset
667 2494 684 2525 in
695 2493 746 2526 nobis
758 2495 805 2526 inte-

461 2554 511 2585 ritum
530 2551 573 2592 1363
592 2551 647 2584 lucem
667 2550 717 2584 nobis
735 2551 806 2596 largitus

461 2615 495 2650 est,
517 2615 533 2641 ct
553 2611 640 2642 innumera
660 2608 744 2642 beneficia
766 2608 805 2642 131.

460 2664 535 2699 06115165
555 2671 581 2698 651
601 2665 678 2709 pontifex
701 2666 806 2700 oblationum

72 2724 196 2758 sanctificemur
204 2724 220 2758 8.
241 2723 316 2774 Christus
329 2705 429 2773 plurimuml
459 2729 563 2772 nostrarum,
577 2724 759 2769 inhrrnitatisnostrae
768 2735 806 2769 ,pa-3
