1765 2987
77 128 113 178 [Ab
127 126 272 174 mortuarum]
375 126 546 163 rabonoonrnrra.
803 128 841 164 XGl

82 237 126 278 Hoo
141 240 279 291 argumentum
295 248 336 276 non
351 235 419 288 magni
434 235 529 288 ponderis
546 240 582 288 est,
599 236 616 276 si
632 235 736 290 epistolam
752 241 841 277 nostram

82 306 151 361 primis
168 305 242 347 tustini
257 304 511 357 temporibusadscribere
527 308 577 347 velis
592 305 617 361 ¹).
669 308 672 311 ⁴

141 375 168 432 3)
183 377 247 418 Nemo
264 376 351 427 donique
366 376 386 415 in
401 376 534 418 memorandis
547 375 619 417 tustini
634 376 728 430 operibns
743 375 841 429 epistolae

83 447 142 501 hujus
158 449 279 487 mentionem
295 444 343 485 fecit
354 443 381 500 ²).
809 495 810 498 Ἴ

140 516 161 557 11.
192 515 245 556 Ante
261 526 333 554 annum
350 513 377 555 no
392 527 411 568 p.
428 512 473 554 Chr.
490 514 593 567 epistolam
614 520 714 556 exaratam
734 527 792 567 esse,
814 529 841 556 ex

83 598 99 626 o.
116 585 128 627 3
145 589 164 626 et
180 583 194 626 4
210 585 342 638 conjecerunt
358 584 506 636 Tillemonlius,
524 584 639 625 Gallandius
661 590 680 625 et
695 586 743 638 alii,
767 588 841 640 quippe

82 655 115 708 qui
136 658 206 695 auctor
226 654 252 693 ita
274 653 298 692 de
313 653 352 692 ritu
368 652 490 694 ludaeorum
512 654 537 694 sit
558 654 650 705 locutus,
673 656 729 707 quasi
747 657 840 709 templum

81 717 285 777 llierosolyrnitanum
300 723 389 763 nondum
405 722 475 763 luisset
488 723 579 764 dirutum.
605 723 645 766 Sed
658 724 691 765 vix
703 712 777 777 dubito,
794 726 841 778 quin

82 793 152 835 eadem
174 794 236 834 uerba
260 798 279 833 et
301 797 348 847 post
370 794 498 834 eversionem
521 805 591 834 sacrae
614 795 669 834 urbis
692 807 703 836 a
727 794 840 836 Christiano

82 863 173 916 quodam,
184 863 241 917 leges
253 863 351 902 mosaicas
362 863 497 919 impugnante,
509 864 596 917 proferri
604 867 716 918 potuissent
724 864 751 920 ³).
767 866 839 920 Longe

81 933 139 973 aliter
152 944 177 980 se
192 944 226 972 res
242 932 311 972 babuit
326 933 345 972 in
360 932 449 985 Epistola
464 933 472 973 l
487 933 593 975 Clementis
609 935 692 975 Romani
708 948 724 975 o.
742 933 769 977 41
791 935 810 991 )

140 1002 262 1055 Apostolicis
283 1002 406 1054 temporibus
428 1007 530 1043 auctorem
551 1008 640 1050 nostrum
664 1005 748 1045 vicinum
769 1005 839 1057 fnisse,

81 1086 125 1115 oum
137 1073 208 1114 Biihlio
224 1084 264 1113 non
282 1072 355 1112 dubito.
387 1072 477 1124 ,Etenim
494 1073 597 1127 egregia,“
614 1074 678 1126 inquit
689 1073 777 1126 Bbhlins,
795 1075 840 1126 „hic

81 1145 203 1197 conspicitur
219 1142 321 1183 doctrinae
336 1144 411 1195 puritas
428 1144 482 1184 etin
501 1143 626 1196 exponendis
644 1145 757 1198 praecipuis
774 1158 839 1186 evan-

81 1213 129 1267 gelii
154 1212 242 1252 articulis
268 1212 389 1264 simplicitas,
416 1212 530 1265 disciplinae
556 1212 711 1265 Apostolorum,
743 1214 838 1267 imprimis

81 1282 101 1325 S.
112 1282 173 1334 Pauli,
188 1281 247 1322 valde
264 1285 406 1322 consentanea.
436 1278 479 1321 Nec
495 1286 559 1322 lamen
575 1282 660 1336 insignis
676 1283 709 1324 ille
724 1296 769 1323 cum
780 1282 840 1336 Apo-

81 1352 178 1393 stolorum
196 1351 298 1404 disciplina
315 1356 334 1391 et
350 1362 444 1391 sermone
460 1363 572 1402 consensus
593 1351 672 1392 ridetur
691 1364 718 1392 ex
733 1353 840 1399 artificiosa

81 1422 180 1463 sermonis
196 1421 308 1474 scripturae
324 1433 394 1461 sacrae
410 1420 520 1461 inritatione
536 1425 593 1461 natus
611 1433 668 1473 esse,
690 1421 726 1461 sed
748 1434 774 1462 ex
796 1423 840 1475 ipso

82 1493 148 1532 animo
171 1491 259 1531 auctoris
283 1490 385 1531 doctrinae
408 1490 531 1544 apostolicae
553 1490 648 1532 innutrito
672 1503 737 1544 eaque
760 1492 841 1544 penitus

81 1562 166 1615 perluso
181 1559 284 1601 llrrxisse.“

141 1632 243 1673 Baraterio
265 1630 357 1672 Clemens
377 1631 490 1683 Romanus,
512 1630 615 1674 Gallandio
637 1630 720 1686 Apollns
742 1631 841 1685 epistolae

81 1707 162 1756 nostrae
178 1707 247 1743 auctor
263 1701 326 1742 luisse
342 1701 421 1742 videtur
432 1700 465 1756 ⁵);
487 1702 522 1742 sed
543 1708 628 1755 utraque
647 1703 763 1756 conjectura
779 1701 840 1742 sirmis

81 1775 204 1827 argumentis
220 1778 251 1814 est
267 1772 364 1814 destituta.
393 1772 475 1813 Rectius
491 1773 571 1828 'lrajaui
591 1774 714 1827 temporibus
735 1772 839 1825 epistolam

80 1849 168 1885 nostram
185 1847 285 1884 exaratam
300 1848 356 1897 putat
371 1843 484 1895 prolueris,
501 1856 560 1895 quum
576 1855 612 1895 ea,
628 1856 680 1896 quae
696 1842 722 1882 dc
738 1854 839 1895 persecu-

81 1915 167 1956 tionibus
184 1928 200 1955 o.
218 1914 230 1955 7
246 1915 347 1968 leguntur,
364 1915 398 1954 vix
413 1915 468 1967 prius
485 1915 558 1967 scripta
574 1925 621 1954 esse
636 1913 721 1967 possint,
734 1918 759 1972 et
775 1912 840 1954 acrior

81 1984 114 2025 illa
125 1984 248 2027 ludaeorum
260 1989 278 2025 et
290 1984 447 2026 Christianorum
459 1983 565 2038 disjunctio
577 1996 600 2023 ac
608 1983 705 2026 Jndaisrni
718 1983 840 2036 impugnatio

81 2055 191 2096 secundum
212 2055 302 2095 seculum
323 2051 452 2108 1·edoleat⁶).
484 2054 575 2095 Certiora
595 2052 620 2094 de
641 2057 732 2107 tempore
751 2057 839 2094 statuere

105 2171 123 2216 l]
137 2169 171 2204 cfr.
180 2171 263 2206 Semiaeb
274 2180 292 2213 p.
302 2169 341 2203 115.
359 2171 404 2214 Otto,
415 2168 426 2203 1.
436 2179 450 2203 o.
470 2170 580 2214 p.llo.llr;
591 2171 674 2204 Sarrrlseli
681 2168 692 2202 1.
698 2181 712 2203 c.
718 2181 734 2214 p.
742 2169 840 2204 itt-176.

81 2241 98 2275 p.
107 2229 129 2262 13
138 2240 163 2273 sq.
177 2234 194 2262 et
205 2239 223 2272 p.
233 2228 260 2262 la.
280 2230 405 2272 Quartodecbm
417 2227 427 2262 l.
437 2239 450 2261 e.
470 2231 621 2274 Oliartulscludft,
635 2228 645 2261 l.
653 2239 667 2261 o.
677 2239 693 2272 p.
701 2228 794 2261 loa-468
803 2240 840 2274 sqq.

105 2288 124 2330 2)
136 2287 174 2320 Hoc
182 2292 299 2331 argumentum
308 2297 330 2320 ex
338 2286 405 2320 silentio
418 2288 451 2320 im·
494 2287 512 2329 3)
526 2285 560 2320 orr.
573 2289 655 2322 Senrieclt
667 2287 678 2320 l.
688 2298 703 2320 c.
716 2298 732 2334 p.
742 2287 782 2320 175.
801 2289 840 2322 orto

81 2351 177 2392 pugnarunt
194 2347 232 2381 Otto
251 2350 268 2378 et
287 2347 381 2390 Hoffmann
395 2344 412 2378 ll.
426 2356 450 2380 eo.
469 2345 480 2379 l.
494 2356 508 2379 c.
523 2357 539 2390 p.
553 2345 574 2378 15
593 2351 610 2379 et
627 2344 698 2391 Tiibing.
712 2344 841 2387 Quartalsrhrilt

82 2405 117 2439 on.
127 2416 171 2449 qnae
181 2410 238 2437 eontra
246 2402 338 2437 Ductorem
346 2403 385 2438 ono
395 2405 452 2437 monui
472 2404 521 2438 1825.
535 2416 551 2448 p.
565 2403 605 2437 419.

81 2466 99 2498 in
107 2463 178 2508 Tiihing.
189 2461 302 2505 Quartalscbr.
311 2462 321 2495 1.
332 2474 346 2496 o.
356 2474 374 2507 p.
383 2463 416 2496 462
426 2475 450 2509 sq.
493 2464 511 2505 1]
525 2463 559 2496 Clr.
574 2474 624 2508 supra
637 2474 653 2507 p.
666 2462 738 2496 XXXIV.
751 2463 776 2496 lil.
790 2474 806 2496 e.

82 2529 100 2556 et
112 2534 156 2568 quae
168 2523 278 2556 Hoffmannus
291 2527 350 2555 contra
366 2532 393 2555 me
408 2533 451 2566 pro·
494 2523 513 2566 5)
528 2524 608 2557 Gallmut.
622 2521 665 2555 sstot.
677 2522 687 2554 l.
702 2532 717 2554 o.
730 2532 746 2565 p.
760 2520 806 2557 LXX.

81 2582 126 2624 tulit,
139 2581 150 2615 1.
159 2592 173 2615 c.
184 2593 200 2626 p.
209 2582 225 2615 3.
246 2580 283 2614 aba
292 2586 398 2624 argumenta,
407 2592 451 2626 quac
492 2582 511 2624 6)
531 2581 616 2626 Tiibiuger
636 2581 688 2614 theol.
711 2579 841 2621 Quartalschrilt

81 2640 131 2674 nobis
152 2640 218 2674 leviora
238 2640 327 2680 videntur,
348 2640 387 2673 vide
407 2640 451 2684 apud
471 2639 520 2674 1825,
542 2651 558 2684 p.
575 2640 619 2682 4473
645 2646 662 2673 et
683 2639 768 2685 Patrolog.
791 2640 809 2674 T.
826 2640 839 2674 1.

84 2700 163 2734 Gallorrd.
175 2698 186 2732 l.
194 2709 207 2732 o.
231 2698 266 2733 Cfr.
280 2708 347 2744 quoque
356 2701 405 2734 Boni.
415 2699 425 2732 l.
436 2710 450 2732 c.
459 2698 486 2744 lp.
497 2698 528 2732 165
537 2710 562 2743 sq.
582 2698 615 2734 Gli.
630 2708 673 2743 quae
686 2709 737 2743 supra
750 2710 767 2743 p.
776 2699 818 2734 Xlll.
828 2699 839 2733 2
