1765 2987
151 133 235 170 IGNATII
246 134 353 170 EPIS'IOLA
365 135 396 170 AD
409 135 521 173 EPHESIOS.
534 136 577 172 XVI.
590 136 642 172 XVII.
654 137 713 173 XVIII.
769 140 810 183 167

52 242 120 297 itaque
136 241 243 296 faciamus,
266 244 324 298 quusi
339 244 383 297 ipso
398 244 420 285 in
434 245 492 286 nobis
507 245 607 287 habitante
612 260 619 298 ς
640 248 662 288 ut
679 245 732 288 iliius
748 246 810 288 sImus

52 313 136 367 temple,
152 318 172 355 et
186 314 230 369 ipse
245 314 271 356 sit
285 315 305 355 In
321 314 380 355 nobis
395 314 450 356 Deus
465 320 535 357 noster
541 330 547 367 ς
570 315 671 370 quomodo
688 320 708 358 et
726 315 774 358 ¹est
790 320 810 358 et

53 384 156 437 apparebit
170 389 217 426 ante
233 384 305 427 todem
320 388 420 435 nostram5
436 384 482 426 ideo
495 385 551 439 juste
566 385 666 440 diligimus
681 387 753 441 ipsum.

72 510 138 554 XVI.
171 510 213 560 Qut
226 510 289 564 fidem
302 510 366 563 falsis
382 512 486 554 doctrinis
503 519 645 567 corrompant,
664 515 687 554 in
703 516 772 567 ipncm

155 635 156 638 Ἴ
333 588 440 624 oeternum
460 583 525 624 ibunt.

109 661 156 705 ἸΝε
167 663 246 716 erretis,
257 662 329 705 fratres
340 664 384 706 urei,
408 663 549 717 ³Familnrurn
560 663 716 718 perturba-tores
723 675 808 718 regnum

49 732 88 774 Dei
104 745 145 774 non
160 730 306 774 hereditabunt.
337 733 358 776 Si
374 738 440 774 autem
455 733 475 784 ri,
491 733 525 785 qui
537 731 649 773 secundum
665 744 745 774 carnem
758 732 809 773 haee

50 803 129 856 operati
143 807 200 855 sunt,
216 807 281 844 morte
296 807 343 843 sunt
357 802 435 853 affeeti;
458 806 531 855 qrranto
547 802 621 857 magis,
636 802 654 843 si
670 800 734 856 *quis
750 802 809 843 fidem

49 872 86 913 Dei
101 884 164 927 prava
180 872 271 913 doctrina
292 877 417 925 corrumpat,
439 884 476 926 pro
498 884 536 925 qun
552 871 612 913 Jesus
629 871 718 913 Christus
739 873 808 912 cruci-

48 942 100 984 fixus
117 942 164 983 est?
195 941 261 995 Tafis,
281 942 396 995 inquinatus
412 941 489 995 factus,
509 943 529 983 in
548 943 616 996 Ignem
635 941 816 996 inenunguibiIen

48 1012 83 1054 ibit
88 1027 94 1065 3
110 1012 200 1055 similiter
216 1012 287 1067 etqui
302 1013 357 1055 audit
371 1013 442 1067 ipsum.

143 1139 203 1182 XVII.
236 1138 312 1182 Cooete
327 1153 341 1182 o
353 1140 418 1193 falsis
433 1141 588 1183 hoereticorum
603 1140 712 1182 doctrr'ois.

107 1219 157 1264 ⁵01³
173 1221 193 1263 id
208 1222 306 1264 Dominus
327 1223 348 1264 in
368 1224 433 1278 cupite
454 1236 491 1265 suo
512 1223 590 1277 occepit
609 1220 765 1278 ⁶unguentum,
785 1227 807 1264 ut

48 1290 148 1333 ecelesiae
173 1291 236 1346 spiret
261 1292 438 1347 Incorruptionem.
479 1293 509 1334 Ne
535 1293 637 1347 ungamini
662 1296 715 1347 tetro
741 1292 806 1334 odore

47 1361 152 1403 doctrines
174 1361 269 1416 principis
291 1363 352 1417 huJ'us
375 1363 449 1415 secuIi;
474 1375 500 1403 ne
521 1363 611 1416 captivos
633 1373 670 1404 vos
690 1361 775 1403 abducet
795 1374 806 1403 a

46 1431 150 1485 proposita
165 1431 212 1472 vito.
243 1431 350 1474 Currere
366 1445 407 1474 non
423 1444 493 1475 ornnes
508 1432 618 1486 prudentes
633 1443 708 1484 sumus,
724 1435 806 1485 accepts

26 1509 28 1512 ·
46 1500 85 1542 Dei
100 1500 223 1556 cognitione,
240 1501 294 1554 quod
310 1506 340 1543 est
356 1501 416 1544 Iesus
433 1502 542 1544 Christus?
573 1501 624 1551 Quid
639 1501 694 1543 fatue
709 1501 805 1555 perimus

46 1581 88 1612 non
104 1575 241 1626 agnoscentes
257 1570 337 1624 donum,
353 1573 407 1625 quod
423 1585 472 1614 vere
488 1573 540 1615 misit
555 1572 669 1614 Dominus?

88 1768 154 1810 XVIII.
187 1768 260 1810 Gloria
276 1770 352 1811 crocis.
385 1769 466 1811 Christi
481 1771 583 1812 nativitas
600 1775 620 1811 et
635 1768 758 1823 baptismos.

105 1847 276 1906 ⁷Purge'unentum
291 1863 348 1893 meus
368 1841 448 1906 spiritus
470 1857 501 1894 est
521 1853 599 1904 crucis,
620 1863 672 1904 quae
692 1847 802 1890 incredulis

43 1916 190 1973 ⁸scnndeIurn‚
214 1917 291 1963 ⁹nobis
313 1934 363 1964 vero
386 1922 440 1964 selus
463 1926 494 1964 est
515 1926 535 1964 et
555 1923 595 1963 vito
615 1926 704 1963 aeterne.
738 1914 754 1941 ¹⁰
763 1917 802 1959 Ubi

43 1990 142 2045 sapiens?
172 1991 209 2033 Uhi
230 1991 356 2045 disputator?
386 1992 424 2034 Ubi
439 1993 533 2047 gloriatio
554 2005 635 2044 eorum,
656 1990 690 2044 qui
710 1987 802 2028 dIcuntur

43 2061 170 2114 prudentes?
201 2061 256 2102 Deus
273 2062 325 2103 enirn
340 2067 411 2104 noster
423 2064 483 2105 Jesus
498 2063 588 2104 ChrIstus
603 2062 623 2101 in
639 2064 698 2100 utero
710 2062 802 2113 gestatus

44 2135 75 2171 est
90 2142 101 2171 a
116 2130 189 2184 IIerie,
207 2132 265 2186 Juxta
287 2130 485 2186 “dispensationem
505 2133 553 2184 Dei,
576 2143 604 2172 ex
624 2130 702 2171 semine
722 2128 802 2183 quidem

42 2304 79 2329 cem
98 2298 199 2329 venerator.
236 2292 326 2328 Armenius
351 2295 411 2329 vertit:
453 2294 473 2336 8)
487 2291 521 2327 Cfu
534 2290 590 2327 loos.
604 2292 620 2336 I,
634 2291 661 2325 18.

42 2353 105 2387 adorat
117 2352 195 2396 spiritus
207 2362 258 2387 merus
272 2363 354 2394 crucem,
368 2363 412 2396 quae
453 2352 472 2394 9]
486 2351 538 2394 Syrus
550 2350 594 2396 legit
606 2348 652 2393 ὑμῖν.

41 2414 69 2444 est
84 2410 192 2444 scandatum
207 2411 314 2454 irzfidelibus.
339 2409 411 2443 Veteres
442 2409 472 2452 10]
484 2411 522 2442 Ποῦ
534 2407 582 2451 σοφὸς
594 2421 608 2439 κ.
621 2421 636 2440 r.
644 2402 662 2440 t.
679 2407 727 2442 Haec
740 2412 799 2442 etse·

41 2466 72 2500 hes
91 2467 181 2500 versiones
200 2468 295 2511 respiciens
315 2465 411 2501 Bunsenius
429 2468 497 2513 quentia
510 2477 565 2512 usque
578 2466 600 2500 ad
611 2467 662 2500 finem
671 2466 729 2511 cepitis
739 2465 800 2499 desunt

42 2523 62 2567 (1.
75 2524 98 2566 c.)
116 2533 147 2567 pro
163 2525 250 2568 περίψημα
261 2524 354 2569 legendum
367 2536 411 2559 con·
429 2524 475 2571 apud
487 2525 554 2570 Syrum.
579 2524 614 2559 cfr.
627 2523 681 2559 ICor.
693 2524 710 2568 1,
723 2524 752 2558 20.

38 2582 77 2626 jieit
95 2578 200 2624 προσκύνημα
219 2582 231 2616 i.
249 2592 265 2616 e.
284 2586 372 2627 προσκυνεῖ
391 2580 411 2615 τὸ
442 2583 473 2628 11)
486 2582 554 2618 Phrasis
567 2582 643 2618 PauIIne.
662 2580 728 2617 coloss,
742 2581 758 2626 1,
768 2582 797 2616 25.

40 2637 81 2682 ἒμόν
97 2641 162 2681 πνεῦμα
178 2637 209 2671 τὸν
226 2638 299 2686 σταυρόν.
328 2641 362 2687 Ipsi
378 2653 410 2677 ac·
428 2641 485 2677 [Tim.
499 2642 516 2686 1,
528 2643 545 2676 4,

41 2697 87 2732 cedit
99 2698 149 2734 Nolto
160 2696 172 2731 I.
185 2707 200 2730 c.
213 2708 231 2742 p.
244 2698 284 2732 231.
