1765 2987
189 173 273 209 IGNATII
285 173 392 209 EPISTOLA
404 175 434 209 ht)
447 176 560 213 EPHESIOS.
573 177 600 212 lx.
613 177 634 212 X.
750 177 791 222 161

35 337 68 378 ΙΧ,
91 338 163 380 Falsis
176 340 299 382 doctoribus
313 354 357 382 oon
369 341 499 393 praebuistis
515 357 584 395 cures,
600 358 644 395 nos,
661 344 738 396 templu
747 344 795 384 Dei.

67 420 71 424 ’
96 420 101 444 ¹
111 421 163 462 Novi
174 427 247 473 autem,
263 422 371 463 nonnullos
385 422 429 463 ²ex
439 425 472 465 illa
482 425 532 465 urhe
544 422 582 478 [od
593 424 644 480 vos)
655 426 744 477 venisse,
761 425 795 477 qni

34 489 108 530 habent
119 503 236 543 perversam
251 492 372 542 doctrinali,-
388 505 438 546 quos
451 506 492 534 non
502 495 621 547 permisistis
631 496 731 535 seminare
742 496 794 535 inter

26 569 79 611 um,
96 564 115 600 et
131 561 238 601 obturastis
255 574 321 613 anreS,
337 575 363 602 ne
378 563 502 615 reciperetis
520 576 570 615 qnae
586 564 610 603 ab
626 564 675 616 ipsis
691 568 737 604 sunt
751 564 794 603 dis-

35 630 136 682 seminato,
149 634 171 670 nt
181 630 215 683 qni
225 630 301 683 lapides
312 631 354 671 sitis
366 632 433 685 templi
444 633 513 683 Patris,
527 633 642 685 praeparati
652 633 672 672 in
683 633 720 672 Dei
731 632 794 672 Petris

35 698 158 752 aedilicium,
179 697 270 741 ³suhlati
286 701 306 740 in
323 701 361 741 alta
377 714 413 754 per
429 700 538 741 mactnnam
554 701 605 741 lesu
621 701 705 752 Christi,
724 698 795 753 iqnne

36 772 67 807 est
82 780 141 820 crox,
163 768 237 821 Spiritu
253 774 324 811 sancto
340 782 377 823 pro
394 770 441 810 lunc
458 773 549 820 utentes;
573 769 623 811 fides
645 773 711 810 antem
729 773 795 810 vestra

34 850 73 879 vos
89 850 169 880 sursum
184 840 248 891 trahit,
266 841 352 881 charitas
363 852 413 881 vero
425 841 457 880 vin
469 838 571 880 deducens
588 839 612 879 ad
623 840 694 880 Deum.
726 836 795 878 ⁵Estis

34 908 96 961 igitur
113 912 133 949 et
148 909 193 950 viae
210 911 293 951 comites
310 922 392 963 omnes,
412 909 489 951 Dcileri
510 914 530 950 et
546 906 691 963 ⁶Templileri,
709 906 795 948 Christi-

35 978 86 1030 feri,
111 975 247 1032 ⁷Scnctiferi,
270 993 308 1035 per
330 983 396 1022 omnic
419 980 484 1022 ornati
503 979 618 1033 praeceptis
639 979 688 1019 Jesn
710 977 781 1017 Christi
787 990 794 1025 3

34 1052 117 1102 propter
133 1062 183 1102 quos
199 1050 278 1103 exulto,
301 1051 355 1105 qnod
377 1051 449 1106 dignus
464 1050 543 1091 habitus
559 1049 607 1101 sim,
628 1061 666 1102 per
686 1060 721 1100 en,
743 1058 795 1100 quoe

35 1119 113 1170 scribo,
136 1120 224 1173 colloqui
246 1121 361 1172 vobiscum,
385 1125 405 1161 et
428 1120 486 1161 simul
508 1119 609 1173 gaudere;
633 1118 691 1170 qnia,
715 1117 795 1156 ratione

35 1183 136 1229 8ulterius
153 1189 205 1230 vitae
221 1190 294 1242 linbila,
310 1190 358 1231 nihil
374 1190 455 1244 diligitis
470 1193 552 1243 praeter
567 1187 632 1229 solum
648 1187 718 1227 Deum.

138 1316 162 1356 Χ.
194 1316 258 1357 Orate
271 1330 313 1368 pro
330 1317 386 1367 aliis,
403 1317 452 1357 sitis
467 1316 533 1365 mites,
550 1315 637 1356 bundles
654 1319 690 1355 etc.

94 1396 134 1439 Sed
150 1401 169 1437 et
184 1409 221 1450 pro
238 1397 281 1437 aliis
302 1397 415 1439 hominibus
435 1397 572 1438 indesinenter
591 1401 653 1437 orate.
684 1394 721 1435 Est
741 1394 794 1435 enim

35 1466 84 1517 ipsis
106 1477 153 1519 spes
177 1467 323 1519 poenitenliae,
351 1471 371 1507 nt
394 1468 458 1507 Deum
481 1467 628 1506 nanciscantur.
667 1460 794 1505 ⁹Per‘mittite

35 1535 102 1588 itaque
121 1535 188 1589 ipsos,
209 1536 279 1577 saltem
299 1549 325 1577 ex
345 1537 451 1590 operibns,
474 1549 485 1577 a
507 1535 565 1577 vobis
581 1535 662 1576 erudiri.
694 1535 740 1577 Sitis
757 1546 793 1576 vos

35 1605 133 1645 adversus
154 1605 194 1645 iras
217 1619 288 1647 eorum
309 1607 379 1658 mites,
402 1606 500 1647 adversus
520 1604 700 1660 magniloquentias
723 1617 793 1645 eorum

35 1674 130 1725 humiles,
157 1687 226 1716 corum
247 1675 356 1716 maledictis
381 1673 397 1699 ¹⁰
407 1676 502 1729 opponite
523 1687 560 1716 vcs
582 1686 667 1728 preces,
694 1673 792 1715 adversus

36 1758 126 1787 errorem
142 1758 211 1787 eorum
227 1758 264 1787 vos
282 1745 296 1770 ¹¹
305 1746 356 1787 firmi
371 1751 487 1800 permanete
502 1746 522 1785 in
538 1745 584 1795 fide,
602 1745 701 1786 adversus
718 1743 792 1784 ellercs

35 1827 102 1856 mores
117 1809 250 1857 illornm'vos
265 1816 363 1857 memsueti
378 1816 426 1857 sitis.
459 1813 530 1857 l²Ncn
552 1815 607 1869 ipsos
629 1818 699 1856 contra
721 1813 793 1854 imitari

35 1886 112 1938 conati,
133 1886 206 1927 iratres
222 1898 292 1928 eorum
307 1885 432 1928 inveniemur
453 1897 490 1939 per
505 1885 660 1939 benignitatem,
681 1883 792 1925 imitatores

58 2034 76 2077 5)
88 2031 134 2066 Έστὲ
147 2030 176 2065 οὖν
184 2047 198 2066 κ,
207 2048 222 2066 τ.
231 2035 244 2066 t.
257 2045 311 2080 usque
323 2035 405 2070 adfinem
436 2036 465 2077 tc)
479 2034 532 2069 Deest
545 2034 630 2079 quippiam
639 2032 661 2067 cd
670 2030 792 2065 absolvendam

34 2091 83 2134 hujus
96 2092 155 2134 eapitis
168 2093 214 2136 apud
223 2092 283 2135 Syrum
295 2092 362 2135 desunt,
376 2094 404 2138 qui
422 2092 505 2136 syntaxim
538 2091 652 2137 Interpclntcr
671 2089 724 2124 hahet
744 2086 794 2120 ὁντι-

34 2149 78 2183 hanc
92 2150 193 2182 sententiam
209 2149 249 2182 idco
263 2150 340 2183 omisisse
352 2150 403 2183 vide·
422 2148 488 2190 τᾰξατε,
503 2149 550 2195 quod
561 2160 596 2183 non
609 2149 729 2183 inconcinnum
740 2146 792 2181 vide-

33 2211 70 2248 tur,
88 2207 152 2251 quippe
171 2217 219 2251 quac
232 2208 265 2251 ipsi
281 2207 336 2240 minus
352 2206 404 2240 fuerit
422 2211 453 2240 tur.
473 2209 533 2241 Smrn,

34 2264 130 2307 perspicua.
435 2265 465 2310 11)
479 2263 513 2299 Cir.
526 2264 592 2300 Colcss.
607 2264 665 2308 1‚23.

58 2322 77 2366 6)
90 2321 117 2354 De
129 2321 212 2366 spirituali
225 2321 294 2366 templo.
314 2325 367 2356 Voss.
434 2322 465 2363 12)
479 2323 580 2357 uetuerat.
594 2334 607 2356 c.
627 2335 644 2367 p.
657 2322 680 2355 40
699 2319 793 2364 legendnm

57 2379 77 2423 7]
89 2379 114 2413 Ila
125 2378 167 2421 bis,
185 2389 220 2412 non
236 2376 331 2423 ἆγνόφοροι,
350 2385 369 2413 nt
386 2381 403 2414 in
421 2379 491 2413 suadet:
503 2378 526 2422 μή
538 2375 793 2421 σηεὸἀζοντεςἄντιμιμῆσασθαι
821 2406 823 2408 .

34 2436 110 2480 pluribus
123 2437 170 2470 editt.
422 2435 469 2474 uritis
487 2434 553 2479 cideipoi
571 2434 625 2469 αὐτῶν
642 2433 737 2479 εὗρεθῶμεν.
769 2433 793 2474 Tri

57 2493 76 2536 8)
91 2493 128 2528 l.e.
140 2494 403 2529 secundnmhuncvitnmclrri-
421 2493 496 2538 ἐπιεικείᾳ
512 2494 531 2527 et
546 2496 615 2538 μιμηταὶ
632 2496 652 2526 ri
668 2493 712 2536 noete
724 2504 739 2522 κ.
750 2503 766 2522 τ.
777 2490 791 2520 t,

34 2552 402 2596 shnnamquaealiaestanaturuli.Sn1rn.
423 2567 447 2583 =
462 2563 496 2594 ne,
510 2563 540 2586 eos
552 2553 646 2594 imitantes,
660 2560 718 2584 eornm
730 2547 791 2587 iratres

58 2609 77 2654 9)
90 2607 151 2643 Lineas
170 2609 261 2655 sequentes
278 2610 331 2654 Syrus
350 2613 403 2656 magis
421 2609 478 2643 simus.
511 2610 545 2643 Sed
571 2610 676 2655 benignitate
700 2605 791 2640 imitatoris

34 2667 56 2700 ad
69 2677 146 2710 sensum,
165 2677 215 2711 quam
228 2668 249 2701 ad
261 2669 334 2703 litteram
347 2670 402 2703 inter·
421 2666 489 2700 Domini
501 2669 558 2701 simus.

33 2729 109 2768 prelatus
123 2729 154 2758 est.

40 2798 48 2805 ‘
69 2795 113 2822 Patres
123 2798 165 2828 apost.
176 2795 200 2821 Ed.
211 2795 233 2819 lV.
624 2781 650 2825 11
