1789 2987
71 125 85 167 8
287 116 407 152 ΒΑΒΝΑΒΑΕ
420 116 533 152 Erlsrotn.
552 117 579 151 lv.
593 116 612 151 V.
652 151 653 156 ,

71 230 76 254 ¹
90 229 177 271 videritis
194 230 244 267 tanto
261 226 318 280 signa
335 229 354 265 et
370 229 459 265 monstra
474 225 494 265 in
510 226 583 279 populo
599 223 734 275 Jndaeonm,
758 227 777 263 et
798 223 826 263 sio

69 301 115 340 illos
137 297 242 348 dereliquit
262 296 365 336 Dominus.
397 294 535 336 Adtendumus
558 306 618 350 ergo,
642 306 668 334 ne
689 293 753 344 forte,
776 294 827 333 siout

69 369 162 421 seriptum
178 370 215 417 est,
231 363 306 404 trunto
321 363 398 413 uocatij
413 365 480 416 portet
496 366 563 416 electi,
579 365 709 406 inveniamur.

67 497 89 536 V.
120 494 202 536 Nonum
215 493 274 546 foed
275 506 303 544 rs,
316 493 418 545 pensione
436 492 487 533 Ctmr'
489 495 516 534 sti
530 493 600 544 frendo
602 500 654 545 trrrn,
675 499 706 534 est
698 491 782 534 tuobis
798 491 827 531 ad

260 565 356 614 suturam,
375 563 463 604 Jndoer's
480 565 545 604 udin
567 566 636 605 ritum.

125 648 210 700 Propter
226 646 265 686 troo
276 646 373 686 Dominus
389 646 482 685 sustinuit
497 646 577 687 trudere
594 658 668 699 corpus
684 658 741 686 suum
756 644 775 684 in
787 656 826 684 ex-

67 718 186 768 terminium,
198 722 219 758 ut
230 717 350 757 remissione
361 720 490 769 peecatorum
501 716 653 768 sanctificemur,
665 715 718 768 quod
730 718 760 756 est
768 727 827 768 spor-

67 788 125 828 sione
141 787 244 842 sanguinis
261 787 318 827 itlius.
350 786 449 838 Scriptum
465 790 495 826 est
511 787 563 827 enim
580 786 605 826 de
621 786 667 838 iilo,
689 784 786 839 quaedam
802 784 827 825 od

67 858 162 911 poputum
178 857 307 908 ,iudaeorum
325 844 422 910 quaedum
438 855 463 895 ad
478 868 522 896 nos.
544 856 605 907 Dicit
621 860 686 896 autem
702 857 742 896 sie:
759 854 827 896 ³rur-

67 933 153 968 noratur
169 932 200 967 est
212 933 301 979 propter
317 926 439 979 iniquitates
455 932 547 977 nostros,
565 932 585 967 et
598 932 688 967 uexatur
699 929 827 982 estpropt'er

66 1001 155 1049 peccora
171 1003 247 1038 trustra
252 1011 260 1045 ,·
276 997 380 1048 ronpnr'ne
395 996 453 1036 itlius
469 997 541 1036 sanati
556 1009 633 1036 surdos.
661 996 766 1048 Tanquam
782 997 827 1037 ouis

66 1067 95 1106 od
110 1067 215 1106 oietz'mcuu
231 1067 336 1106 adductus
353 1070 397 1113 θείς
413 1070 433 1105 et
447 1067 503 1105 sieut
517 1078 585 1117 opttus
602 1079 674 1106 eorum
687 1067 785 1106 tondente
796 1080 825 1117 se,

64 1136 96 1176 sie
111 1148 155 1177 nien
171 1136 256 1187 operuit
270 1149 293 1176 os
309 1148 374 1175 serron.
406 1132 585 1189 ⁴Supergrntutari
601 1147 651 1189 ergo
669 1134 765 1176 debemus
781 1136 826 1176 Do-

65 1205 125 1255 mino,
142 1206 187 1257 quin
205 1210 223 1245 et
239 1207 346 1259 praeterita
362 1206 421 1247 nobis
439 1205 531 1256 ostendit,
547 1209 566 1245 et
582 1207 683 1259 sopientes
700 1205 753 1258 tecit,
770 1206 826 1247 etde

65 1274 136 1315 tuturis
152 1287 192 1315 non
209 1288 277 1316 smnus
293 1277 337 1316 sine
353 1276 460 1317 intellectu.
493 1275 545 1315 Dicit
561 1280 637 1316 antem:
662 1274 729 1316 ⁵Norr
749 1277 826 1329 injuste

66 1346 179 1385 tenduntur
194 1346 250 1385 reite
265 1345 344 1386 ouibus,
375 1346 418 1386 Hoo
439 1346 496 1398 dicit,
520 1348 565 1399 quie
585 1349 639 1401 juste
661 1340 744 1400 6periet
766 1348 825 1390 homo

66 1414 143 1455 habens
159 1415 210 1455 viam
226 1416 321 1466 veritatis,
337 1417 445 1468 scientiam,
462 1422 482 1456 et
497 1429 520 1458 se
536 1418 589 1456 avia
601 1417 708 1457 tenebrosa
720 1430 763 1465 non
773 1429 825 1458 oon-

66 1484 115 1523 iinet
136 1484 205 1524 adimo.
236 1484 261 1525 Et
284 1482 387 1527 ⁷ad'hoo
408 1487 503 1528 Dominus
526 1488 619 1528 sustinuit
640 1488 679 1540 pati
700 1500 738 1540 pro
761 1489 824 1528 anima

65 1558 146 1605 nostra,
168 1566 212 1593 oum
232 1555 257 1594 sit
278 1555 332 1595 orbis
349 1561 446 1597 terrarum
463 1557 572 1607 Dominus,
597 1558 628 1596 eui
645 1557 694 1597 dixit
710 1555 762 1597 8die
778 1563 824 1598 onte

66 1622 227 1663 constitutionem
236 1624 323 1665 soeculi:
336 1621 460 1667 ⁹Foeiemus
468 1628 571 1668 dorninem
581 1628 610 1668 od
618 1627 728 1680 irnoptnem
737 1633 756 1668 et
764 1628 824 1668 simi-

64 1691 174 1731 litudinem
183 1698 281 1734 rrustrom.
299 1694 404 1741 Quomodo
414 1708 464 1751 ergo
473 1697 572 1748 sustinuit,
582 1709 626 1736 oum
634 1698 657 1737 atr
666 1698 778 1738 hominihus
785 1698 824 1738 hoe

62 1765 172 1812 pateretur,
189 1762 265 1802 discite.
290 1764 410 1817 Prophetae,
427 1768 450 1807 ab
467 1768 511 1820 ipso
528 1768 625 1808 habentes
642 1768 723 1819 donum,
739 1768 823 1809 initium

64 1830 245 1882 pr·ophetoverunt;
267 1834 300 1873 iile
316 1839 392 1887 autem,
414 1842 435 1877 ut
451 1850 534 1877 vacuom
556 1837 632 1877 fuceret
652 1843 736 1877 mortem
758 1842 778 1877 et
799 1838 823 1878 de

63 1901 146 1939 mortuis
162 1903 332 1942 resurrectionem
349 1905 465 1944 ostenderet
481 1903 540 1959 [quia
557 1907 576 1946 in
588 1919 649 1945 corne
661 1907 767 1957 oportebat
779 1919 823 1947 eurn

64 1967 182 2023 adparere),
195 1972 294 2023 sustinuit,
306 1977 327 2011 ut
338 1975 458 2025 promissum
467 1976 583 2027 parentibus
592 1966 693 2025 redderet,
705 1980 724 2014 et
733 1976 777 2028 ipse
785 1977 823 2016 sibi

88 2093 105 2135 t]
115 2093 145 2127 Est
152 2095 246 2138 perfeetum
253 2108 257 2136 ;
265 2096 433 2139 Hierosolymaenim
476 2100 495 2145 5)
504 2099 586 2134 Proverh.
595 2099 609 2141 1,
619 2100 645 2134 17,
658 2099 705 2134 Haeo
715 2102 735 2135 nd
742 2104 822 2138 Jurneou

61 2153 96 2195 jam
110 2159 225 2185 eraterersn
252 2152 286 2188 cfr.
300 2165 313 2188 o.
327 2155 369 2189 XVI.
452 2158 553 2192 dictasunt,

86 2209 105 2250 2)
120 2209 176 2241 diotttr.
190 2210 223 2250 20,
238 2210 264 2244 ro.
278 2212 309 2252 22,
324 2213 351 2245 ti.
377 2213 432 2247 Verba
475 2216 597 2257 6]dte11ordus
616 2216 660 2249 nude
674 2219 747 2251 correxit
758 2222 822 2261 peribit

60 2268 125 2311 „sient
141 2269 228 2311 scripturn
245 2269 286 2302 eud‘
302 2270 323 2301 ab
340 2272 432 2314 interprete
451 2277 555 2319 propendet,
570 2286 607 2308 cum
621 2285 653 2308 non
666 2275 820 2320 hoemtnusquam

60 2323 113 2356 latino
123 2323 179 2355 additu
188 2329 235 2366 putot
243 2326 396 2370 Crudum-Betui,
404 2330 431 2362 28.
451 2331 522 2364 alterurn
535 2333 551 2364 in
565 2344 596 2365 usu
610 2332 660 2365 tuerit
669 2343 712 2365 aevo
722 2333 820 2376 posteriori.

84 2380 106 2422 3)
121 2381 159 2414 isui.
174 2381 205 2423 53,
219 2381 235 2413 5.
250 2383 265 2415 7.
450 2388 474 2421 Ita
488 2395 505 2422 et
518 2390 558 2422 alibi
567 2393 643 2432 iruerint,
657 2392 704 2425 eoiet
713 2397 730 2423 et
738 2394 819 2434 transiet,

84 2438 163 2479 putee
178 2439 199 2471 od
212 2451 247 2473 nou
260 2439 326 2472 loeutus
336 2448 361 2474 es
355 2442 430 2477 tDomi-
450 2447 501 2488 etrppo
514 2448 559 2490 opud
573 2447 664 2481 Tibullum
688 2451 741 2482 toss.

60 2505 97 2536 nm,
110 2496 159 2528 nobis
173 2496 252 2529 revelans
267 2502 337 2530 mortem
352 2500 431 2541 expiato·
474 2505 518 2548 7)),
532 2517 547 2538 e
544 2505 600 2561 ,grpo'g
611 2508 698 2537 rotro:
711 2519 772 2552 pozmro

22 2556 25 2557 ’
60 2562 100 2584 mam
110 2551 156 2586 cun
159 2555 170 2586 tr
184 2554 248 2596 etalio,
262 2564 306 2599 quae
319 2561 357 2588 sunt
366 2555 430 2599 sutura
473 2561 492 2604 6)
505 2562 544 2595 Seil.
557 2571 613 2608 puriter
637 2566 718 2598 tinnitu>

59 2619 100 2651 ergo
117 2612 180 2652 gratias
197 2623 205 2644 u
208 2623 268 2656 gamus
286 2613 307 2646 ei.
337 2613 430 2659 Sequentia
472 2617 491 2662 9)
505 2618 565 2654 Genes,
580 2623 595 2663 t
609 2620 637 2653 26.

58 2675 101 2699 vero
114 2670 191 2703 Jortneir
204 2675 243 2703 sunt
256 2670 306 2703 diem.
