1765 2987
283 179 352 215 tubex
364 178 441 215 RERUM
453 180 481 215 ΕΤ
494 179 648 215 ruusottnrtotr.

59 299 61 302 ’
111 297 145 321 non
157 286 245 321 iterandae
258 292 297 321 sunt
309 287 383 333 conjuge
393 299 455 333 super-

111 348 150 381 stite
170 345 204 379 349
221 357 246 391 sq.
276 347 350 390 Nuptiae
370 346 455 379 secundae

110 410 149 438 sunt
162 404 218 438 licitae
233 404 277 447 352;
289 395 327 438 'sed
345 405 373 449 qni
389 416 420 448 per
436 416 454 438 se

87 492 89 496 ,
110 464 200 507 manserit,
222 474 301 507 magnum
319 462 351 496 sibi
372 464 454 509 conquirit

109 521 192 555 honorem
204 522 249 565 apud
262 521 352 555 Dominum
364 523 406 556 ibid.

85 579 222 613 Numismata
236 579 275 623 duo,
291 570 413 624 atterum‘ltet,
427 581 453 614 al-

108 639 235 673 terummundi
248 638 286 672 176.

254 750 308 782 θ..

84 812 223 848 Obedientia
239 813 306 847 Enochi
322 813 355 857 663
374 814 453 849 Abrahae

106 875 158 914 tttrt.;
171 883 227 906 rerum
242 878 337 906 creatarum
350 873 378 906 82.

83 930 218 965 Oblationes
232 941 266 964 non
279 932 296 964 in
305 932 350 964 omni
359 931 397 964 loco
407 931 452 964 offe-

105 995 175 1032 runtur,
194 990 225 1023 sed
243 989 369 1033 Hierosolymis
388 994 452 1023 tantum

802 180 845 223 463

498 287 543 321 bona
552 287 603 321 debet
611 287 662 321 homo
672 286 746 332 operari,
760 290 778 319 ut
786 284 844 320 salvus

497 348 526 380 fiat
538 347 578 380 364.
602 348 653 380 Varia
671 357 723 391 opera
740 344 785 379 bona
803 345 844 379 362.

497 405 523 439 Ex
537 405 617 450 operIbus
630 405 677 438 Deus
695 405 794 449 cognoscit,
813 414 844 438 nos

496 465 572 498 membra
580 475 618 498 esse
626 463 654 497 filii
661 465 687 498 sui
695 464 733 498 156.
752 462 784 505 Qui
793 464 843 508 cupi-

496 522 557 556 ditates
570 527 645 565 superat,
658 521 702 565 Deo,
716 531 750 555 non
761 523 842 568 sibiipsi,

496 580 567 624 gloriam
578 580 640 614 tribuat
649 581 683 614 404
691 591 717 625 sq.
726 580 761 615 238
768 593 793 626 sq.
803 582 843 616 373.

467 651 468 655 ¹
496 636 617 683 Unusquisque
636 638 728 672 secundum
747 651 779 683 ea,
799 651 843 685 quae

496 696 547 740 lacit³
568 698 647 742 accipiet.
677 697 694 731 Si
712 697 762 732 luerit
781 698 842 742 bonus,

495 754 565 788 bonitas
580 765 618 787 eum
632 755 725 797 antecedit,
738 757 752 789 si
764 766 843 800 nequam,

495 822 562 845 meroes
579 813 667 857 nequitiae
684 824 722 846 eum
738 815 814 859 sequitur
827 816 843 848 7.

496 869 513 903 Si
529 871 565 914 quis
582 872 629 915 cupit
647 872 738 915 pervenire
756 871 777 904 ad
790 883 843 917 prae-

495 929 559 962 finitum
579 928 647 971 iocum,
669 930 703 963 suis
724 930 805 974 operibus
826 931 843 964 id

496 981 576 1033 consequi
589 988 657 1022 studeat
672 989 700 1022 44.

106 1046 145 1081 408.
171 1045 268 1081 Oblationes
286 1058 307 1081 an
325 1047 402 1082 maculae
421 1044 452 1081 erl
472 1045 543 1090 Opera
572 1047 776 1091 supererogatoria
801 1046 841 1081 384.

105 1110 164 1149 pectes
175 1111 237 1149 essent,
250 1106 267 1139 in
276 1108 331 1141 veteri
339 1106 378 1152 lege
387 1117 452 1140 summa

106 1163 192 1208 diligentia
205 1163 325 1207 explorabatur
339 1166 381 1199 ibid.

494 1103 529 1138 Cir.
543 1105 651 1149 Caelionicco,
665 1106 841 1151 Jejuniunr,.lntro-

495 1165 559 1197 centiu-
706 1162 708 1165 ’

82 1218 185 1254 Oceanus
196 1221 335 1266 dispositionibus
344 1222 376 1255 Dei
385 1222 452 1266 guber·
471 1218 556 1254 Oratio.
572 1219 646 1255 Assidue
656 1225 673 1254 et
681 1222 719 1255 sine
728 1221 841 1255 haesitatione

105 1284 154 1312 natur
172 1279 199 1314 82.
225 1279 282 1314 llundi
300 1286 346 1315 trans
364 1279 452 1314 Oceanum

89 1339 145 1387 Ιι’ὸίιῖ,

80 1393 209 1439 Onesimus,
228 1395 342 1440 Ephesiorum
361 1397 451 1441 episcopus

106 1453 145 1487 153.
159 1454 199 1487 157.

81 1509 160 1555 Opera.
184 1511 274 1557 Operibus,
287 1522 320 1545 non
332 1512 390 1546 verbis
398 1512 451 1556 justi-

105 1570 176 1603 ficamur
194 1570 221 1603 oe.
251 1570 289 1604 llou
307 1581 339 1614 per
357 1581 388 1604 nos
406 1572 451 1615 ipsos

103 1626 225 1671 justificamur,
238 1621 295 1673 neque
306 1638 339 1672 per
351 1629 451 1673 sapientiam

104 1691 179 1720 nostram
185 1691 214 1719 aut
219 1685 349 1731 intelligentiam
356 1691 385 1719 aut
391 1697 450 1730 opera,

106 1754 149 1788 quac
168 1744 185 1777 in
204 1743 260 1777 cordis
277 1745 368 1778 sanctitate
385 1745 451 1788 operati

105 1812 173 1844 sumus,
190 1802 221 1835 sed
234 1812 265 1845 per
277 1802 339 1845 iidem,
356 1813 450 1847 perquam

104 1860 210 1904 omnipotens
224 1859 271 1893 Deus
287 1859 308 1893 ab
326 1861 374 1893 initio
391 1870 450 1893 omnes

102 1916 201 1960 justificavit
219 1920 261 1952 ibid.
285 1917 319 1951 Sed
338 1929 370 1952 non
390 1929 449 1952 cessa-

104 1975 159 2009 bimus
166 1987 175 2009 a
182 1975 231 2010 bonis
239 1976 321 2020 operibus
329 1979 368 2011 ibid.
388 1975 450 2010 Omnes

101 2033 144 2076 justi
157 2033 207 2068 bonis
220 2034 301 2078 operibus
314 2035 368 2067 ornati
382 2033 450 2068 fuerunt

104 2091 132 2125 98.
165 2091 248 2125 Dominus
267 2093 304 2136 ipse
325 2092 406 2137 operibus
431 2104 449 2126 se

103 2149 157 2192 ipsum
177 2159 249 2192 ornans,
271 2150 340 2195 gavisus
361 2155 387 2183 est
407 2153 449 2186 abitt.

104 2205 150 2241 Totis
163 2209 225 2241 nostris
237 2207 301 2241 viribus
316 2217 358 2253 opus
373 2207 449 2250 justitiae

104 2275 194 2309 operemur
206 2267 247 2300 ibid.
271 2264 297 2299 Ne
310 2275 373 2311 segnes
387 2272 404 2301 et
417 2267 449 2300 de-

103 2323 149 2356 sides
162 2323 212 2356 simus
228 2323 250 2356 ad
266 2334 315 2356 omne
329 2333 372 2368 opus
385 2323 449 2358 bonurn

102 2382 144 2416 itta.
169 2379 217 2414 Beati
235 2392 302 2425 sumus,
323 2383 338 2416 si
356 2388 449 2427 praecepta

102 2438 170 2472 Domini
183 2440 199 2473 in
214 2439 298 2473 charitatis
312 2441 403 2475 concordia
415 2442 449 2475 irn-

103 2496 213 2540 moverimus,
225 2503 244 2531 ut
256 2509 287 2543 per
296 2498 395 2533 charitatem
404 2511 449 2545 pec-

104 2560 140 2587 cata
154 2559 211 2588 nostra
222 2555 272 2589 nobis
289 2559 396 2591 remittantur
410 2558 448 2591 422.

103 2611 121 2646 In
134 2611 215 2657 operibus
228 2611 318 2647 Dominum
331 2616 448 2658 conliteamur,

103 2681 137 2704 non
154 2670 213 2705 verbis
230 2670 269 2705 138.
299 2671 355 2716 Opera
373 2673 448 2707 fidelium

103 2734 143 2763 sunt
157 2739 216 2764 eorum
233 2728 310 2774 deposita
325 2732 365 2765 240.
392 2730 448 2776 Opera

494 1278 576 1312 orandum
589 1285 615 1313 est
628 1280 662 1313 302
674 1292 700 1325 sq.
726 1279 808 1322 Oremus‚
823 1285 842 1313 ut

494 1335 541 1370 Deus
558 1348 598 1381 erga
615 1349 647 1371 nos
663 1339 738 1382 propitio
751 1339 807 1372 animo
820 1339 842 1371 sit

494 1396 523 1429 54.
548 1395 666 1429 indesinenter
679 1407 747 1430 oremus
759 1407 790 1440 pro
804 1395 841 1430 aliis

495 1453 593 1487 hominibus
606 1453 644 1487 160.
664 1452 699 1487 Diu
707 1459 794 1498 noctuque
803 1454 841 1487 sol-

494 1512 535 1546 liciti
552 1513 604 1546 simus
621 1521 652 1556 pro
667 1513 747 1546 universa
760 1511 841 1545 fraterni-

493 1576 529 1604 tate
542 1571 571 1604 54.
595 1569 612 1602 S.
626 1569 701 1614 ignatius
716 1580 748 1614 pro
763 1570 841 1604 ecclesiis

493 1633 510 1661 et
524 1627 603 1661 fratribus
616 1633 696 1672 precatus
710 1633 736 1661 est
748 1629 788 1661 252,
808 1628 840 1662 Vi-

493 1685 536 1718 duae
549 1686 586 1719 sine
594 1686 720 1719 intermissione
729 1686 841 1731 interpellent

491 1754 524 1787 pro
537 1743 614 1777 omnihus
624 1743 665 1777 260.
685 1743 753 1787 Pauper
761 1750 799 1778 oret
807 1755 839 1789 pro

492 1802 554 1845 divite,
573 1807 590 1835 et
607 1802 655 1837 dives
672 1807 748 1845 praestet
760 1805 839 1847 pauperi,

492 1871 536 1904 quae
553 1860 576 1894 illi
594 1871 636 1905 opus
651 1865 689 1893 sunt
702 1860 742 1893 379.
767 1860 785 1894 Si
796 1872 839 1905 pre-

492 1918 536 1951 catio
555 1919 604 1951 unius
623 1924 676 1963 atque
695 1918 765 1952 alterius
783 1924 838 1953 tantas

491 1976 536 2009 vires
545 1976 603 2019 habet,
613 1982 676 2021 quanto
686 1977 738 2021 magis
747 1977 782 2020 illa,
794 1989 839 2022 quae

491 2035 569 2079 episcopi
582 2039 607 2068 est
616 2041 633 2069 et
642 2035 692 2068 totius
703 2034 789 2069 ecclesiae
800 2036 838 2070 156.

492 2091 541 2125 Vires
559 2093 640 2126 orationis
659 2092 693 2127 303
706 2105 731 2139 sq.
757 2092 839 2128 Oratione

491 2155 562 2193 peccata
579 2156 660 2185 sanantur
676 2151 716 2186 323,
742 2151 794 2186 Orate
807 2163 839 2197 pro

491 2208 561 2252 regibus
578 2214 595 2242 et
611 2209 724 2255 potestatibus
742 2215 758 2243 ct
774 2209 838 2254 prinei-

491 2265 541 2310 pibus
554 2266 599 2310 2713
612 2280 644 2313 pro
657 2269 728 2302 inimicis
740 2270 792 2310 tiraq
808 2279 838 2312 pro

492 2325 570 2359 omnibus
587 2328 649 2360 sanctis
667 2329 707 2361 thid.
733 2326 790 2359 Tristis
804 2326 837 2360 ho-

491 2384 541 2417 minis
560 2385 612 2418 oratio
629 2386 708 2419 virtutem
726 2394 761 2417 non
779 2383 837 2427 habet,

492 2447 510 2475 ut
530 2443 551 2475 ad
571 2442 624 2475 altare
644 2442 675 2475 Dei
696 2441 777 2474 ascendat
797 2441 837 2476 309.

492 2499 550 2533 Oratio
562 2500 655 2533 humilitate
668 2505 708 2544 eget
716 2498 756 2532 340.
778 2499 836 2533 Oratio

491 2563 509 2590 et
518 2557 602 2600 jejunium
615 2556 738 2602 conjungantur
746 2558 786 2591 264.
796 2557 836 2592 340,

490 2615 527 2649 Non
540 2614 612 2649 accedas
625 2615 647 2648 ad
659 2616 754 2649 orationem
765 2621 810 2649 tuam
819 2617 836 2649 in

491 2674 596 2707 conscientia
608 2672 653 2707 mala
666 2674 693 2708 48,
715 2672 790 2708 Genihus
801 2684 836 2718 po-

489 2732 525 2767 sitis
538 2742 587 2766 orare
601 2731 640 2766 330.
