1765 2987
165 155 168 160 ἱ
230 184 337 221 EPISTOLA
350 184 379 220 nu
394 186 530 247 oloouuauu.
543 187 563 222 ll.
577 160 605 222 lIl.
696 224 699 225 ⁷
757 188 797 231 301

40 293 152 347 includitis,
169 307 193 335 ac
208 293 296 335 interdiu
312 293 406 336 custodes
422 296 532 349 apponitis,
553 309 580 337 ne
598 295 651 338 furto
667 294 801 336 auferamur?

39 366 64 409 Et
84 375 135 406 vero
155 363 193 405 illis
214 364 336 417 honoribus,
357 366 428 418 quibus
449 380 486 408 vos
507 368 604 422 prosequi
622 378 659 409 cos
675 365 800 417 existirrratis,

39 437 105 493 potius
121 435 219 489 supplicio
236 447 272 477 eos
289 435 377 489 allicitis,
399 438 496 491 siquidem
512 449 574 479 sensu
590 442 636 479 sunt
650 436 735 491 praediti
741 451 747 487 3
769 435 800 491 sin

40 510 134 560 expertes
151 510 197 547 sunt
212 517 297 558 sensus,
320 506 378 561 hujus
394 508 424 549 rei
446 506 495 549 ¹eos
514 508 643 560 convincitis,
665 507 764 561 sanguine
781 510 801 547 et

40 578 143 620 nidoribus
159 589 196 618 eos
212 577 309 618 colentes.
340 576 414 619 ²Haeo
429 582 517 620 vestrum
533 577 605 630 aliquis
620 576 715 618 sustento!
744 577 800 617 Haec

40 647 112 703 patitur
136 646 208 700 aliquis
231 648 268 688 sihi
291 646 358 688 fierit·
381 650 421 693 Sed
444 650 510 691 nullus
534 648 612 702 quidem
635 649 738 689 hominnm
760 648 800 688 hoc

39 716 167 771 supplicium,
190 717 229 757 nisi
249 717 333 769 invitus,
354 720 451 771 patietur,
474 707 536 758 sensu
557 720 609 758 enim
630 722 650 758 et
671 717 749 756 ratione
770 722 801 756 est

39 785 143 841 praeditus
148 798 155 836 3
172 789 192 826 at
201 786 251 840 lapis
262 786 281 827 id
293 788 372 840 patitur,
388 799 451 828 sensu
463 788 515 828 enirn
528 791 589 828 caret.
621 785 801 837 ³Revera,1sensu

39 856 105 897 4eom
122 856 233 910 praeditum
249 869 302 910 esse,
319 870 356 899 vos
372 870 413 899 non
429 857 576 898 demonstratis.
606 855 677 898 Aede
694 868 730 906 co,
747 853 800 907 quod

40 926 145 967 Christiani
162 926 199 967 diis
214 926 330 981 hujusmodi
345 929 365 968 in
382 920 503 970 servitutem
515 928 588 969 addicti
608 939 649 968 non
669 927 720 977 sint,
741 926 800 966 multa

39 998 119 1051 quidem
136 1002 156 1038 et
171 998 209 1039 alia
225 995 319 1039 haberem
337 999 417 1050 dicere,·
432 1001 449 1040 si
464 1000 496 1040 cui
508 1003 572 1038 tamen
587 998 636 1038 haec
650 997 693 1051 ipsa
706 996 800 1037 sufficere

39 1080 80 1109 non
96 1067 208 1120 videantur,
224 1079 396 1121 supervacaneum
413 1070 499 1110 ar‘bitror·
514 1073 534 1109 et
549 1069 606 1122 plura
623 1068 697 1109 dicere.

39 1196 68 1238 lll.
84 1197 161 1237 dodoci
171 1198 313 1250 superstitiosi
324 1203 378 1249 crint,
389 1197 457 1239 Deum
468 1199 542 1250 utiquo
552 1211 575 1239 re
587 1197 682 1250 indipere
690 1200 798 1248 plicantes.

98 1278 199 1331 Deinceps
221 1282 286 1319 autem
306 1279 331 1319 de
354 1292 390 1331 eo,
414 1279 468 1331 quod
489 1292 530 1320 non
552 1283 582 1320 est
602 1279 639 1320 illis
659 1278 712 1319 idem
734 1279 798 1319 cultus

39 1348 130 1401 divinus,
152 1349 186 1402 qui
201 1347 294 1401 ludaeis,
316 1353 336 1389 te
352 1349 438 1389 maxime
454 1349 547 1402 cupidunr
563 1360 609 1389 esse
630 1348 724 1390 audiendi
743 1352 797 1402 puio.

39 1418 110 1460 Judaei
125 1419 197 1473 igitur,
220 1416 255 1460 ⁶si
272 1418 351 1471 quidem
367 1420 536 1461 abstinent‘cultu
557 1432 617 1474 supra
636 1422 758 1470 memorato,
780 1424 800 1460 et

40 1485 120 1530 7Deum
135 1502 196 1530 onum
213 1490 313 1542 venerari,
330 1490 471 1543 dominumque
487 1491 575 1531 omnium
591 1490 706 1530 existimare
722 1489 798 1541 volunt,

40 1557 109 1614 [recte
121 1550 222 1615 sentiunt]
228 1574 234 1610 ‚·
249 1561 266 1601 si
282 1559 354 1602 eodem
370 1564 435 1601 tamen
451 1560 518 1613 modo,
535 1573 574 1614 quo
590 1573 651 1614 supra
666 1559 719 1612 dicti,
735 1560 800 1600 Deum

40 1631 117 1682 colant,
138 1631 158 1670 in
181 1642 252 1671 errore
273 1627 404 1672 versamur&
434 1631 484 1671 Nam
505 1643 556 1683 quae
573 1630 645 1671 Graeci
666 1642 739 1671 sensus
760 1643 799 1670 cx·

38 1701 128 1754 pertibus
145 1704 164 1740 et
180 1699 245 1741 surdis
262 1699 378 1751 offerentes,
394 1700 506 1741 dementiae
520 1699 566 1740 dant
581 1704 719 1755 argumentum
725 1713 731 1750 3
746 1686 799 1740 lraec

38 1771 67 1811 illi
82 1772 137 1822 Deo,
159 1775 251 1823 tanquam
273 1771 298 1811 iis
319 1771 428 1826 indigenti,
452 1772 551 1823 praehere
571 1774 673 1824 putantes,
695 1770 797 1811 stultitiam

5 1890 10 1894 ν
38 1840 105 1893 potius
129 1852 187 1892 quarn
210 1840 282 1880 cultum
305 1841 392 1881 divinum
413 1840 433 1881 id
457 1841 509 1882 forte
533 1842 653 1882 existiment.
684 1841 722 1889 Qui
746 1840 798 1880 enim

38 1911 117 1952 coelom
140 1914 159 1951 et
180 1915 265 1963 terram,
286 1915 345 1966 atque
365 1912 442 1966 onmia,
465 1907 517 1966 quae
537 1913 557 1953 in
577 1911 601 1952 iis
621 1915 678 1963 sunt,
703 1909 797 1963 condidit,

37 1981 137 2034 nobisque
154 1981 245 2022 omnibus
262 1994 286 2022 ea
302 1983 425 2036 suppeditat,
442 1984 513 2035 quibus
529 1981 652 2036 indigemus,
671 1985 726 2021 certe
742 1981 797 2022 nullo

38 2063 108 2092 corum
129 2050 215 2105 indiget,
238 2064 289 2105 quae
304 2054 348 2106 ipse
363 2054 387 2094 iis
402 2053 497 2108 largitor,
520 2053 554 2105 qui
575 2053 593 2092 ei
612 2052 662 2092 haec
682 2050 730 2091 dare
752 2050 799 2091 exi-

38 2184 56 2213 et
68 2176 153 2219 ιῖνιόὃοσις,
167 2189 182 2211 e·
192 2189 209 2223 g·
218 2178 267 2215 καλῶς
279 2178 322 2221 ἔχει,
335 2179 408 2224 elegan-
426 2191 457 2225 pro
470 2184 534 2226 φρονεῖν
546 2179 639 2226 legendum
652 2179 714 2213 suadet
726 2182 800 2224 φρονοῖεν

37 2243 64 2271 ter
76 2239 162 2272 reticetur.
184 2238 240 2283 Vipen.
253 2246 270 2281 p.
284 2236 323 2270 509.
338 2237 378 2272 llot.
390 2240 407 2282 †.
427 2236 452 2272 du.

37 2295 78 2331 Post
96 2298 160 2341 φρονεῖν
178 2295 239 2340 igitur,
257 2300 276 2328 ut
292 2300 408 2342 monetvotlu,
450 2297 470 2343 8]
484 2297 526 2331 lnde
539 2307 560 2331 ex
574 2306 604 2339 co,
620 2296 666 2341 quod
679 2301 740 2329 auctor
752 2300 798 2329 tem-

37 2354 150 2400 supplcndum
168 2360 194 2388 esi
210 2351 262 2399 ὀρθῶς
279 2357 362 2399 φρονοῦσι,
380 2356 409 2390 vel
427 2367 470 2401 pore
485 2356 573 2400 praesenti
586 2355 648 2397 utitur,
665 2353 741 2387 nonnulli
754 2364 797 2388 con-

38 2413 92 2448 simile
106 2413 197 2458 quidpiam,
425 2414 496 2457 jecere,
528 2415 583 2458 ipsum
606 2412 669 2456 templo
693 2410 798 2445 ludaeorum

61 2471 81 2516 7]
94 2471 123 2505 tls.
141 2470 165 2508 εἰς.
186 2470 238 2505 Nolte
255 2471 333 2515 conjicit:
351 2473 377 2505 καὶ
395 2472 410 2505 εἰ
428 2472 482 2506 adhuc
498 2470 589 2516 supeistitc
605 2471 700 2514 scripsisse.
725 2468 759 2502 Sed
775 2469 797 2503 ad

39 2528 81 2562 Θεὸν
93 2528 167 2562 inercia
180 2527 248 2561 πάντων
260 2528 342 2572 δεσνόνφν
356 2531 409 2572 σ’ίβειν
427 2533 481 2577 lupeno
504 2529 595 2563 mosaicam
616 2529 720 2573 respiciens,
746 2529 798 2561 etium

37 2584 105 2630 ἐξιοῦσι,
124 2588 138 2621 εἰ
155 2587 174 2621 δὲ
190 2601 204 2619 κ.
216 2601 231 2619 τ..
243 2589 257 2620 λ.
280 2588 313 2633 lpsi
330 2590 358 2620 σοὶ
370 2594 409 2634 post
427 2589 487 2623 deletis
496 2586 620 2629 Hierosolymis
628 2587 651 2620 ita
664 2586 710 2632 loqui
723 2591 797 2631 poterat.
820 2586 822 2588 ’

38 2648 90 2688 σέβειν
109 2653 127 2681 et
144 2646 216 2681 verbum
237 2651 301 2691 φρονεῖν
321 2646 461 2682 Glossemarcfr.
481 2645 551 2691 T'ubing.
573 2647 725 2691 Quartolcclmift,
751 2644 762 2679 l.
781 2656 797 2679 c.

38 2715 77 2740 csse
89 2706 173 2740 videntur.
195 2707 233 2741 ouo
249 2716 280 2750 pro
293 2707 320 2738 καὶ
332 2705 353 2742 εἷς
366 2676 442 2750 Θεόνῐφ.
456 2704 495 2739 449.

37 2762 80 2809 legit
92 2767 119 2797 καὶ
131 2763 152 2803 ῶς
165 2761 207 2798 &ede
219 2777 234 2796 κ.
243 2777 257 2796 τ.
265 2765 278 2796 t
297 2764 408 2799 Hoffmannus
415 2777 419 2809 p
491 2751 495 2755 ¹
