1765 2987
196 176 289 212 tiburtus
301 176 392 213 PASTOR.
416 179 506 214 LIBERI.
531 179 589 215 VISIO
601 178 629 214 ΠΙ.
751 181 792 224 331

35 288 82 329 illuc
98 298 143 327 cum
156 286 265 341 juvenibus
281 297 330 338 sex,
352 298 403 339 quos
420 290 439 328 et
455 292 500 330 ante
516 289 616 341 videram,
639 292 659 345 et
679 288 733 331 stetit
748 294 795 343 post

36 371 67 400 me
83 361 185 410 orantem,
206 362 226 398 et
241 357 334 398 audiebat
349 369 380 397 me
402 362 502 410 orantem,
525 363 544 399 et
562 360 690 401 confitentem
707 361 794 403 Domino

35 431 117 483 peccata
134 439 184 467 mea.
214 427 240 468 Et
255 432 341 482 tangens
356 441 388 470 me
404 429 464 470 dixit:
487 429 575 483 „desine
592 433 633 484 Jam
652 432 794 486 propeccatis

35 499 74 540 tuis
89 501 164 538 tantum
180 509 245 538 orare.
277 498 317 539 Ora
334 502 353 538 et
368 511 405 552 pro
419 500 506 553 justitia,
526 505 548 541 ut
568 501 654 553 accipias
673 507 749 554 partem
767 515 795 543 ex
862 510 866 521 ·

37 580 59 609 ea
75 567 95 608 in
112 567 171 608 domo
187 567 239 608 tua.“
270 566 295 608 Et
311 569 376 610 erexit
391 582 422 610 me
436 569 525 622 deloco,
541 575 560 611 et
572 572 703 625 apprehendit
714 586 793 614 manum

36 645 106 690 meam,
123 641 143 678 et
158 637 241 679 adduxit
256 650 288 679 me
303 638 328 679 ad
339 640 466 692 subsellium,
486 645 505 680 et
521 641 547 681 ait
562 640 601 681 illis
614 643 735 695 juvenibus:
753 643 794 694 „ite

36 713 55 750 et
71 707 194 750 aedificate.“
225 708 333 763 Postquam
354 715 419 751 autem
441 710 579 752 discesserunt
596 712 696 766 juvenes,
717 716 738 753 et
757 724 795 753 nos

36 780 74 822 soli
90 779 173 832 luimus,
195 780 222 821 ait
237 780 295 821 mibi:
318 782 386 833 ,sede
401 781 472 821 heic.“
503 781 553 822 Dico
570 781 600 822 ei:
621 781 731 833 ,domiua,
752 783 796 823 sine

36 850 129 892 seniores
141 838 186 890 ante
197 849 290 891 sederet
318 852 390 903 ,Quod
402 852 436 892 tibi
448 851 514 904 dico,“
526 852 595 905 iuquit,
607 852 689 905 „sedefl
717 852 796 902 Quum-

36 933 76 974 que
91 920 164 961 vellcm
180 920 254 962 sedere
275 921 299 962 ad
320 921 424 963 dexteram
445 925 533 976 partem,
555 934 595 963 nou
616 927 646 963 est
666 934 738 977 passa,
759 922 796 964 sed

36 991 135 1032 annuebat
151 991 198 1032 mihi
213 1004 278 1044 manu,
294 997 316 1033 ut
326 992 351 1033 ad
362 992 460 1034 sinistram
472 996 547 1046 partem
559 982 658 1035 sederem.
689 993 796 1047 Cogitante

37 1067 102 1104 autem
118 1076 156 1115 me,
173 1067 191 1103 et
208 1066 285 1113 moesto
302 1064 407 1115 existente,
424 1063 478 1117 quod
494 1074 534 1104 uon
550 1063 596 1104 sivit
611 1076 643 1104 me
659 1064 683 1105 ad
703 1064 795 1105 dextram

35 1137 112 1187 partem
127 1132 212 1186 sedere,
233 1134 260 1173 ait
275 1134 332 1174 mibi:
355 1134 420 1187 ,quid
440 1139 530 1175 moestus
549 1147 583 1187 es,
599 1135 690 1176 Herma?
720 1135 795 1187 Locus,
833 1129 838 1133 ’

37 1204 71 1256 qui
87 1207 117 1244 est
133 1203 158 1243 ad
174 1203 275 1255 dextram,
291 1204 370 1245 illorum
387 1209 428 1256 est,
447 1204 480 1256 qui
493 1204 535 1258 jam
550 1209 667 1245 meruerunt
683 1205 759 1256 Deum,
775 1209 796 1254 et

38 1273 110 1328 lpassi
126 1279 172 1315 sunt
187 1285 247 1314 causa
262 1275 348 1315 nominis
365 1274 415 1328 ejus.
446 1274 490 1314 Tibi
509 1278 574 1315 autem
595 1280 688 1328 superest
707 1277 796 1328 multum,

36 1348 58 1385 ut
73 1357 118 1385 cum
133 1344 171 1385 illis
186 1343 265 1385 sedeas.
297 1345 352 1386 Sicut
367 1355 447 1395 manes,
468 1344 488 1383 in
504 1344 628 1397 simplicitate
644 1349 677 1385 tua
694 1357 795 1397 permane,

37 1418 57 1454 et
73 1414 154 1455 sedebis
170 1427 214 1455 cum
231 1414 276 1466 illis,
294 1419 313 1455 et
329 1415 449 1468 quicumque
464 1414 538 1455 fuerint
549 1415 626 1467 operati
637 1415 716 1456 illorum
727 1427 795 1469 opera,

38 1488 58 1524 et
73 1485 209 1536 sustinuerint,
226 1496 277 1537 quae
293 1484 320 1525 illi
335 1483 493 1525 sustinueruntf‘

96 1554 117 1594 H.
149 1554 198 1595 Dico
215 1555 245 1594 ei:
270 1553 375 1606 ,domium
392 1553 463 1594 vellem
479 1554 544 1605 scire,
567 1566 619 1606 quae
638 1555 795 1595 sustinuerums

39 1624 125 1678 ,Audi,“
141 1626 215 1678 iuquit:
233 1625 300 1677 ,ieras
317 1625 398 1676 bestias,
414 1623 500 1678 flagella,
516 1636 615 1676 carceres,
635 1636 718 1676 cruces,
737 1637 796 1666 cansa

37 1696 123 1737 nominis
135 1697 184 1750 eJ'us.
210 1695 294 1748 Propter
304 1695 342 1735 boc
354 1695 433 1735 illorum
444 1698 489 1735 suut
501 1693 584 1734 dextrae
594 1699 663 1747 partes
678 1696 795 1748 sanctitatis,

38 1770 57 1807 ct
73 1767 163 1819 quisquis
179 1765 265 1819 patietur
279 1770 363 1819 propter
377 1777 450 1805 nomeu
461 1764 648 1816 Dei3rcliquorum
664 1769 730 1805 antem
744 1765 796 1804 sini⁴

37 1840 91 1877 strae
105 1840 173 1889 partes
188 1840 239 1876 suut.
270 1835 309 1877 Sed
325 1836 417 1888 utrisque
434 1835 470 1887 eis,
486 1839 506 1875 et
523 1835 555 1887 qui
571 1834 595 1875 ad
613 1834 709 1884 dextram,
728 1835 796 1888 etqui

38 1906 61 1947 ad
77 1907 177 1947 sinistram
193 1906 274 1958 sedent,
295 1910 341 1947 suut
362 1905 414 1946 dona
435 1909 454 1945 et
472 1904 630 1958 promissiones,
650 1908 724 1945 tautum
741 1904 795 1957 qnod

37 1975 61 2016 od
85 1976 176 2017 dextram
198 1976 294 2017 sedentes
317 1975 391 2016 babent
416 1975 499 2029 gloriam
525 1974 635 2026 quamdam.
673 1974 703 2015 Tu
729 1978 795 2015 autem

38 2047 121 2100 cupidus
138 2058 160 2088 es
175 2046 249 2088 sedere
265 2046 289 2087 ad
311 2045 401 2087 dextram
421 2057 465 2086 curn
487 2045 529 2094 eis5
549 2043 586 2084 sed
607 2043 727 2097 exiguitates
749 2049 796 2085 tuae

37 2117 110 2157 multae
125 2120 176 2157 sunt.
206 2116 350 2157 Emnudaberis
372 2120 436 2156 autem
457 2116 480 2155 ab
502 2114 644 2168 exiguitalibus
660 2116 705 2155 tuis.
737 2114 796 2157 ²Sed
814 2103 815 2106 Ἴ

38 2190 58 2227 et
79 2197 161 2237 omues,
183 2185 216 2239 qui
238 2184 291 2226 dubii
312 2198 351 2226 tion
372 2185 455 2236 fuerint,
478 2184 638 2225 emundabuntur
659 2184 683 2224 ab
705 2186 797 2225 omnibns

37 2255 125 2310 peccatis
142 2255 178 2296 ³in
193 2256 247 2296 bunc
263 2254 334 2306 diem?
365 2254 391 2296 m
406 2268 451 2296 cum
466 2256 517 2309 baec
534 2255 624 2305 dixisset,
640 2255 720 2296 volebat
735 2256 796 2295 abire.

37 2326 62 2366 Et
76 2325 185 2379 procidens
200 2326 228 2366 illi
243 2325 268 2366 ad
284 2325 353 2379 pedes,
369 2327 441 2381 rogavi
456 2326 508 2366 illam
525 2337 562 2379 per
576 2325 694 2376 Dominum,
714 2329 734 2365 nt
749 2324 796 2364 mibi

38 2390 192 2447 demonstraret,
203 2395 256 2448 quod
267 2396 410 2449 repromiserat
421 2397 491 2437 visum.
507 2396 534 2436 At
544 2395 576 2435 illa
587 2407 657 2435 rursus
665 2393 796 2447 apprehendit

38 2479 116 2507 manum
132 2478 208 2519 meam,
231 2470 250 2506 et
267 2467 332 2507 erexit
347 2479 390 2518 me,
413 2471 433 2507 et
449 2466 496 2507 lecit
511 2464 584 2505 sedere
603 2476 664 2517 super
680 2463 795 2504 subsellium

38 2536 62 2575 ad
82 2536 193 2586 sinistram,
215 2540 235 2576 et
257 2536 334 2576 elevata
354 2537 412 2590 virga
431 2531 517 2589 >quadam
532 2533 648 2587 splendida,
671 2532 720 2572 dixit
736 2533 795 2572 mihi:

62 2639 80 2682 l)
94 2637 192 2672 Laureolum
206 2643 298 2686 martyrum
310 2638 364 2684 gloria
374 2650 408 2683 pe·
450 2638 468 2677 2]
482 2636 539 2670 Peene
552 2635 611 2669 eadem
623 2635 696 2680 legimns
705 2635 739 2669 Vis.
748 2635 769 2678 ll,
779 2635 795 2669 2.

39 2697 98 2730 cnliari
115 2695 234 2740 praefulgere,
252 2697 328 2730 studiose
346 2696 409 2730 docent
451 2696 469 2740 3)
483 2695 509 2728 Sc.
523 2696 539 2727 in
553 2694 599 2727 diem
613 2693 683 2739 judicii,
702 2694 732 2731 ctr.
745 2705 796 2742 supra

39 2764 98 2791 omnes
107 2755 199 2806 scriptores
206 2760 279 2788 veteres.
294 2756 406 2795 Oxoutlarr.
425 2765 442 2799 p.
456 2753 496 2788 327,
509 2758 544 2787 not.
557 2752 574 2789 7.
