1765 2987
166 175 259 212 ΗΕΒΜᾹΕ
272 176 363 212 PASTOR.
388 178 452 214 LIBER
464 180 484 214 ll.
509 180 608 217 tranunt.
621 181 641 217 X.
654 181 682 218 Xl.
763 183 805 227 369

51 280 163 338 Ιἀναβῆναι
177 281 214 325 ἐπὶ
227 280 253 327 id
263 278 417 341 &nutrierimus
438 286 535 331 ¹acoedat
557 291 581 343 ed
605 292 666 333 altare
688 291 746 333 Dei.“
781 291 806 332 Et

47 352 86 395 σοῦ
103 351 164 394 Θεοῦ.
436 357 476 399 dixi
495 360 536 412 illi:¹
556 360 660 414 „domine,
685 374 747 416 qnare
763 373 805 403 non

100 415 136 463 lu
151 418 164 461 νί
179 417 238 478 λύπη
252 420 371 480 ἐγκάθηται
385 422 417 472 εἰς
434 429 495 470 habet
509 430 602 471 virtutem
614 431 678 472 oratio
690 432 752 472 tristis
763 432 804 472 ho-

46 488 82 549 ιήν
92 486 180 549 καρδίαν
190 489 261 534 αὐτοῦ.
292 492 416 551 Μσμιμμένι]
435 499 499 551 minis,
515 505 537 540 ut
547 500 641 540 ascendat
653 499 677 541 ad
688 501 750 541 altare
759 501 803 542 Do-

47 556 81 604 odv
95 558 108 618 ἦ
123 558 178 617 λύπη
193 556 206 619 ἦ
217 560 307 619 ιιοσμινή
316 559 370 616 μετα
380 567 416 620 τῆς
435 568 512 608 ιοίοίἳα
530 569 662 622 ‚,Quoniam‚“
671 569 741 623 inquit,
752 571 804 623 „tri-

46 625 169 681 ἐντεύξεως,
191 628 228 673 oti
244 629 319 689 siolum
333 631 370 690 τήν
385 631 416 676 ἔν-
435 639 486 678 stitia
498 638 555 679 sedet
567 640 586 679 in
598 639 660 679 eorde
671 640 721 693 ejus.
739 639 804 687 Quum

46 699 115 752 σεοξιν
138 698 360 760 οἷναβῆναιααθαραῖν
383 701 415 752 εἰς
435 705 805 760 ergomixtatuertr'oranoviricum

45 766 71 814 νο
85 768 247 829 θυσιαστήριον.
272 771 354 830 Ὥσπερ
375 768 415 829 γαρ
434 775 518 828 tristitia,
534 788 575 817 non
591 777 676 830 patietur
694 778 806 818 orationem

46 836 96 891 ὅξος
112 839 161 896 οἴνῳ
177 837 306 897 μεμιγμένον
325 840 362 900 τήν
377 837 416 885 url-
435 844 527 891 mundam
536 845 681 888 ascenderead
690 846 751 888 altare
760 847 804 887 Dei.

44 910 81 968 τήν
102 907 189 968 ἡδονήν.
200 908 238 954 οὐκ
258 907 342 965 ἔχουσιν
365 912 415 970 [leg.
435 915 489 957 Sicut
505 917 557 957 enim
568 916 634 957 vinum
646 922 703 958 aceto
715 917 804 970 mixtum,

46 979 110 1038 ixei}
130 978 198 1029 oditur
212 979 248 1023 καὶ
262 975 320 1040 λύσιν]
338 997 414 1039 μεμιγ-
435 986 524 1027 eamdem
539 987 655 1027 suavitatem
675 999 716 1028 non
731 987 804 1037 hebet3

44 1049 94 1109 με’ννρ
109 1048 165 1105 μετα
180 1056 220 1095 τοῦ
239 1050 302 1107 ἁγίου
322 1052 415 1107 ivnona-
434 1057 804 1109 sieettristitiaSpirituisauctomixta

44 1135 92 1174 τος,
115 1117 151 1179 τήν
172 1116 235 1178 αὖα-ἡν
255 1118 345 1176 tiranni
367 1118 415 1180 [oda
434 1126 523 1168 eamdem
535 1127 646 1169 orationem
657 1125 750 1168 mundam
763 1138 804 1167 uon

45 1190 105 1249 ἔχει]
135 1190 265 1249 Καθάρισον
285 1185 322 1235 οὖν
339 1190 415 1237 invidi
434 1196 499 1237 habet.
530 1196 603 1237 ltinnda
624 1209 674 1250 ergo
694 1201 714 1236 te
735 1209 746 1236 a
766 1196 805 1237 tri-

44 1259 90 1306 ἀπὸ
110 1266 147 1320 σῆς
166 1255 234 1319 λύπης
253 1266 349 1320 πονηρᾶς
364 1258 415 1305 ναὺ-
434 1265 486 1317 stitia
502 1267 560 1319 mata,
577 1271 596 1307 et
611 1267 669 1307 vives
685 1267 729 1307 Deo
734 1280 741 1316 3

44 1347 87 1391 της,
102 1332 139 1375 καὶ
154 1326 207 1390 ζήσῃ
222 1332 254 1389 τῷ
271 1332 325 1389 Θεῷ.

45 1411 65 1445 et
76 1417 145 1445 omnes
156 1406 225 1446 vivent
236 1405 287 1456 neo,
304 1407 337 1458 qui
351 1407 475 1461 projecerint
490 1420 501 1447 a
514 1419 537 1447 se
548 1405 652 1457 tristitiem,
669 1409 688 1445 et
703 1404 804 1445 induerint

44 1474 181 1516 trilaritatem.“

332 1615 457 1669 Mandatum
476 1614 512 1668 XI.

42 1733 135 1786 Spiritus
147 1740 166 1774 et
174 1733 289 1786 Proplietus
298 1733 390 1785 probari
401 1746 428 1774 eir
437 1733 548 1785 operibas5
560 1738 580 1773 et
590 1733 616 1773 cle
626 1732 706 1785 duplici
716 1732 800 1784 spirita.

102 1825 193 1867 Ostendit
208 1825 254 1866 mihi
270 1824 364 1866 sedentes
380 1825 399 1865 iu
415 1825 516 1866 subselliis
531 1825 636 1877 homines,
653 1829 672 1865 et
688 1838 748 1867 unum
764 1837 801 1866 se-

42 1895 122 1937 dentem
138 1897 158 1937 in
174 1895 274 1937 cathedra.
304 1894 329 1936 Et
346 1895 394 1936 dixit
409 1895 466 1936 mihi:
484 1895 554 1946 „vides
570 1895 622 1947 illos,
638 1895 672 1948 qui
683 1895 703 1936 in
714 1894 801 1936 scamnis

41 1965 143 2006 sedent‘?“
176 1965 278 2017 „Video‚“
300 1966 392 2018 inquam,
415 1964 529 2018 „dominei
561 1965 628 2018 „1111st
650 1965 723 2018 iuquit,
741 1968 802 2016 „sunt

42 2036 124 2086 fideles;
147 2041 167 2077 et
181 2036 227 2089 ilie,
248 2036 282 2090 qni
297 2036 318 2077 in
333 2034 427 2084 cathedra
443 2034 512 2087 sedet,
529 2033 628 2088 ²spiritus
644 2024 746 2076 terrestris
763 2037 800 2075 est.

41 2105 91 2147 Nam
107 2106 127 2147 in
144 2106 248 2147 ecelesiam
264 2106 356 2163 vivorum
377 2119 417 2147 uon
439 2106 528 2157 aceedit,
551 2106 587 2147 sed
608 2105 695 2161 refugit5
716 2105 802 2159 applicat

41 2174 110 2218 antem
122 2190 145 2219 se
161 2177 225 2218 dubiis
243 2180 262 2217 et
278 2177 353 2230 vacuis,
369 2182 388 2218 et
404 2177 424 2218 iu
440 2163 519 2230 angulis
535 2180 554 2217 et
569 2174 640 2217 abditis
657 2175 708 2217 locis
726 2173 802 2216 divinat

40 2247 85 2300 illis,
102 2251 122 2288 et
133 2247 218 2288 deiectat
228 2248 280 2300 illos
296 2246 398 2301 loquendo
415 2246 526 2289 seeundum
539 2246 605 2288 omnia
618 2245 718 2287 desideria
733 2244 800 2286 cordis

41 2330 117 2360 eorum.
148 2318 221 2360 Vacois
238 2315 289 2359 enim
306 2319 359 2360 rasis
375 2317 429 2372 qnod
448 2318 587 2369 committitur,
607 2328 648 2357 non
668 2314 742 2365 effluit,·
763 2314 800 2356 sed

41 2389 164 2431 conveniunt
186 2389 236 2430 alius
260 2389 284 2430 ad
306 2389 371 2431 alium.
403 2388 467 2437 Quum
491 2393 557 2433 antem
578 2387 657 2429 venerit
678 2386 698 2426 in
722 2386 800 2427 turham

65 2516 84 2562 t]
97 2517 158 2551 Forte:
172 2520 261 2553 aseendit.
280 2520 371 2551 (turnino.
430 2518 512 2552 aotliedra
523 2515 591 2550 radenti
604 2513 625 2546 de
640 2514 702 2547 claro
715 2513 800 2561 acetarius

64 2575 83 2618 2)
97 2575 130 2617 Qui
142 2576 195 2610 libros
208 2575 282 2610 Pastoris
292 2586 301 2609 a
310 2573 410 2609 Montanista
430 2575 525 2609 rutltolioaa
532 2571 635 2615 intelligunt,
643 2581 681 2604 enm
688 2569 800 2616 montanistae

42 2633 114 2678 quodam
139 2633 244 2678 conscriptos
269 2639 329 2678 putant
349 2636 373 2678 (e.
393 2645 410 2678 g.
429 2631 529 2676 praesertim
554 2632 629 2665 elericos
650 2629 736 2663 ecelesiae
758 2628 800 2662 odio

41 2694 117 2735 Ritrelrl,
129 2692 269 2726 altlrath.liirel1e
283 2692 333 2727 1850.
343 2704 359 2737 p.
369 2692 411 2734 553)
430 2689 524 2723 habuerint.
542 2688 577 2722 Sed
591 2688 621 2721 elr.
633 2689 739 2733 llilyenfeld
755 2697 800 2732 epo-

41 2749 98 2784 loeum
114 2751 159 2785 hune
175 2751 197 2784 de
214 2753 281 2797 spiritu
296 2752 377 2787 terrestri
393 2752 413 2785 in
430 2747 534 2784 stottona
549 2746 599 2781 1853.
612 2758 629 2792 p.
643 2746 682 2781 143.

76 2822 120 2848 ratres
129 2826 172 2855 uuest.
184 2822 205 2848 ed.
216 2822 239 2848 IV.
630 2804 659 2850 24
