1765 2987
232 137 313 172 IGNATII
325 136 432 172 Etlsrntn
444 138 474 172 AD
487 138 598 175 ROMANOS.
611 139 624 174 1.
637 139 659 174 Π.
783 142 824 183 199

264 302 278 343 1.
309 302 375 355 Spero
390 314 429 343 cos
444 303 527 344 cinctus
542 305 621 346 cidere.

127 383 192 426 ¹Cum
207 384 302 438 precihus
318 384 368 424 meis
384 385 436 438 apud
453 379 557 427 Dominum
572 388 724 442 impetrassem,
743 393 764 429 ut
780 388 824 430 Deo

66 456 138 510 dignos
153 455 221 495 vultus
233 457 312 494 vestros
323 465 434 505 cernerem,
451 452 473 509 [²
482 456 574 508 quoniam
586 459 717 510 perseveravi
729 458 824 514 petend0,

65 529 86 567 ut
106 523 126 563 id
146 519 284 576 acciperem];
305 534 358 563 nunc
377 523 454 564 vinctus
476 525 496 565 in
512 525 561 566 Jesu
578 526 656 567 Christo
677 539 714 568 vos
737 529 824 569 salutare

65 605 138 647 spero,
160 592 258 645 siquidem
273 592 366 633 voluntas
382 593 419 633 Dei
434 594 471 645 sit,
493 591 530 634 ³ut
546 595 619 648 dignus
637 595 724 647 habear,
746 598 779 649 qui
799 598 823 638 ad

64 665 123 705 finem
139 661 261 715 perveniam
291 660 353 702 Recte
374 663 426 702 enim
449 662 567 715 dispositum
588 668 618 704 est
636 665 766 717 principium,
787 664 824 706 ⁴²si

64 733 149 789 gratiam
165 743 289 784 consequar,
312 735 386 772 sortem
402 744 471 771 meam
487 732 530 772 sine
549 732 691 786 impedimento
708 734 824 787 accipiendi.

65 803 153 844 ⁵Time0
170 802 222 841 enim
240 804 327 842 vestram
348 801 474 853 charitatem,
496 814 522 842 ne
543 814 566 842 ea
586 803 634 843 mihi
652 808 731 844 noceat.
761 805 824 845 Vobis

65 873 117 914 enim
132 871 191 913 facile
207 874 244 922 est,
261 870 315 923 quod
331 871 389 911 vultis
406 869 486 920 facere3
502 871 549 912 mihi
564 884 614 914 vero
631 872 711 915 difficile
727 879 764 926 est,
780 874 824 916 Deo

63 942 129 996 potiri,
146 943 215 983 sivos
231 940 278 981 mihi
295 936 304 963 ⁶
313 952 399 993 parcere
414 941 504 983 studetis.

247 1066 268 1109 Π,
299 1067 369 1112 Nolite
383 1081 414 1109 me
430 1069 533 1123 martyrio
550 1071 638 1123 eripere,

122 1146 193 1190 ⁷an0
214 1149 266 1188 enim
288 1145 344 1189 8vcs
364 1149 477 1191 hominibus
496 1152 590 1203 placere,
612 1153 648 1193 sed
670 1153 713 1194 Deo
734 1153 822 1206 placere,

63 1218 229 1275 quemadmodum
245 1222 264 1259 et
279 1230 317 1260 vus
333 1220 351 1259 ei
367 1219 456 1272 placetis.
487 1220 530 1261 Nec
550 1222 602 1261 enim
624 1234 663 1276 ego
680 1235 766 1276 unquam
783 1223 823 1264 tale

62 1295 140 1342 tempus
156 1289 199 1329 Deo
220 1287 309 1341 potiendi
330 1289 423 1342 attingam
429 1303 435 1337 ;
457 1301 495 1329 nec
510 1300 559 1341 νοε,
581 1291 598 1330 si
617 1291 723 1341 silueritis,
745 1293 823 1332 meliori

63 1360 120 1413 uperi
136 1358 218 1400 inscribi
233 1357 330 1410 poteritis.
362 1357 382 1398 Si
399 1358 450 1398 enim
468 1354 512 1398 9de
531 1371 562 1399 me
578 1359 683 1411 silueritis,
702 1357 719 1383 ¹⁰
729 1372 768 1414 ege
785 1361 822 1401 Dei

62 1430 119 1479 fiam;
135 1429 152 1469 si
167 1431 233 1469 autem
249 1439 329 1468 carnem
345 1439 409 1467 meam
420 1428 540 1480 duraveritis,
557 1428 623 1470 denno
636 1430 682 1469 mihi
694 1430 732 1470 erit
750 1429 822 1470 ¹1cur-

62 1499 152 1541 rendum.
184 1498 251 1540 Nolite
266 1498 311 1552 ptus
326 1498 372 1552 mitri
388 1499 497 1552 praebere,
518 1511 576 1552 quam
593 1504 614 1539 ut
639 1497 654 1522 ¹²
665 1499 756 1540 immoler
771 1500 822 1553 Deo,

62 1570 108 1611 dum
130 1568 194 1610 adhuc
214 1569 276 1610 altare
296 1573 386 1622 paratum
406 1573 448 1619 est;
469 1573 490 1609 ut
510 1570 530 1609 in
551 1569 647 1610 charitate
663 1569 736 1611 ehorus
754 1570 822 1611 effecti

62 1641 137 1681 canatis
152 1640 204 1680 Patri
223 1640 243 1679 in
260 1638 338 1680 Christo
358 1639 418 1690 Jesu,
444 1637 522 1692 ¹³-qn0d
539 1639 594 1680 Dens
614 1640 731 1692 episcopum
751 1639 821 1693 Syriae

61 1709 146 1751 inveniri
163 1696 255 1766 dignatus
272 1713 308 1760 est,
327 1709 350 1749 ah
367 1708 450 1750 Oriente
465 1709 484 1749 in
501 1709 629 1750 Occidentem
646 1721 691 1749 enm
707 1721 820 1750 arcessens.

61 1780 138 1821 Bonum
154 1785 190 1833 est,
207 1793 218 1821 a
233 1779 306 1821 mundo
323 1778 416 1820 occidere
433 1778 456 1820 ad
470 1779 540 1831 Deum,
557 1782 577 1819 ut
592 1779 612 1819 in
628 1778 672 1831 ipsc
689 1779 749 1819 oriar.

61 1952 95 1975 non
114 1941 195 1987 legerunt
213 1938 241 1983 μή.
266 1939 300 1975 cfr.
318 1943 431 1983 Petrensium,
462 1939 492 1985 tt)
506 1938 558 1982 Syrus
572 1945 589 1974 et
601 1945 651 1973 vetus
664 1941 746 1984 interpres
759 1939 819 1973 tatinus

60 1999 114 2045 lgnat.
128 2000 178 2044 ept'st.
193 1998 243 2032 1849.
257 2010 273 2043 p.
288 1999 320 2033 138
333 2010 358 2043 sq.
449 1998 527 2043 legerunt
535 1997 591 2039 Z'oopvdr
604 1994 643 2041 ἦχιὸ,
656 2003 716 2044 factus
726 2010 767 2033 sum
775 2010 818 2041 vox⁷

84 2058 104 2102 7)
117 2058 183 2092 Initium
200 2058 261 2101 capitis
276 2057 347 2090 secundi
361 2054 387 2089 Ου’
402 2054 431 2101 ydp
449 2062 466 2090 ut
478 2057 562 2099 interpres
575 2056 635 2089 reddit.
652 2054 748 2089 Bunseuius
757 2057 819 2090 vertit:

60 2117 104 2148 θέλω
113 2141 116 2148 .
125 2140 129 2148 .
138 2113 212 2159 detrvsvs
225 2116 274 2149 deest
284 2116 301 2148 in
310 2114 380 2157 Syriaca
388 2126 430 2149 ver·
448 2117 466 2150 st
478 2120 552 2150 mortem
564 2126 620 2149 aream
627 2116 729 2159 impeditis>
743 2125 773 2159 epu
784 2124 820 2148 nun

60 2178 108 2210 sione
122 2176 248 2222 epistularum,
267 2173 298 2207 sed
315 2174 400 2208 invenitur
413 2175 430 2207 in
448 2175 514 2218 sactis,
533 2175 565 2208 sed
581 2175 642 2208 cerdic
659 2178 726 2206 tuntum
743 2173 820 2217 pluriam

61 2234 131 2277 Syriaca
143 2233 223 2266 versione
235 2235 319 2277 rnartprii
332 2232 349 2265 S.
363 2231 429 2277 Ignatii.
450 2234 483 2266 Dei
497 2233 575 2277 pandere
590 2243 671 2276 presunt.
699 2229 753 2262 Multo
766 2240 819 2272 prae-

61 2291 95 2326 cn.
109 2295 197 2335 Curetas,
212 2288 262 2334 Corp.
275 2290 329 2335 Ignut.
343 2302 359 2335 p.
371 2290 410 2324 225.
449 2289 519 2323 ferenda
529 2295 555 2323 est
563 2289 614 2322 lectio
623 2289 681 2333 graeci
690 2293 751 2322 textus.
772 2287 818 2321 Sen-

83 2349 102 2394 8]
115 2349 140 2382 Ita
152 2348 186 2392 leg.
200 2358 238 2381 eum
248 2347 378 2392 interpolatore,
392 2360 429 2382 cum
448 2359 476 2381 sus
490 2354 523 2381 est:
540 2349 595 2383 detrun
608 2348 652 2382 aridi
664 2349 698 2381 crit
710 2347 818 2380 currendum

60 2412 119 2441 vetere
128 2405 224 2450 interprete
237 2405 265 2439 tat,
277 2412 294 2440 et
303 2409 341 2440 edm
350 2407 429 2441 versione
447 2408 466 2440 in
483 2409 516 2441 doc
532 2407 591 2440 stadio
608 2407 664 2446 citae,
683 2405 738 2447 cnjus
755 2409 817 2436 metum

59 2465 166 2500 Armeniaca.
190 2464 220 2498 tls.
233 2461 277 2507 dciv.
446 2476 501 2510 paene
514 2466 568 2510 arripi.
580 2459 624 2497 'Ctu
638 2460 692 2496 tCm.
706 2460 722 2502 9,
736 2460 763 2493 24,

84 2524 102 2568 9]
115 2524 128 2558 Ι.
142 2534 157 2568 q.
171 2524 207 2566 περὶ
221 2522 265 2560 ἐμοῦ.
283 2525 344 2557 Smne.
459 2523 490 2567 12)
504 2522 537 2556 Cfr.
550 2521 565 2554 II
577 2521 618 2554 'l'irn⁴
632 2521 648 2562 4,
662 2520 678 2553 θ.

72 2582 102 2625 10)
115 2581 168 2625 Syrus
180 2581 233 2626 legit:
251 2579 307 2622 ἔσομαι
319 2578 364 2625 λόγος
379 2580 428 2625 Θεοῦ,
459 2580 490 2625 13)
503 2580 554 2623 Syrus
571 2578 634 2623 legisse
650 2577 727 2610 vtdetnr:
745 2574 770 2607 ὅτι
786 2573 817 2607 τὸν

60 2641 105 2686 quod
114 2640 208 2674 Bussenius
221 2639 315 2674 defendens
324 2641 384 2675 vettii:
398 2653 428 2687 eps
446 2638 536 2671 ἐπίσκοπον
548 2636 645 2679 κατηξιίοσεν
656 2634 695 2667 εἶναι
708 2636 737 2666 τοῦ
750 2633 797 2667 Θεοῦ.

59 2702 93 2736 Dei
105 2701 180 2746 pieriam
193 2699 290 2745 diculpcdn.
