1765 2987
238 171 346 208 urrsrona
358 171 388 206 ao
402 172 577 209 uicensimam.
590 172 610 207 x.
624 155 628 160 ’
760 171 803 216 315

46 283 124 333 babuit,
140 294 206 336 neque
222 282 304 337 reJecit,
325 293 392 333 neque
407 281 537 334 improbitatis
555 286 637 323 nostrae
653 292 764 322 memorem
780 291 804 322 se

47 351 143 403 ostendit,
164 351 201 391 sed
221 352 320 404 patienter
342 362 385 390 eam
405 352 447 391 tulit
465 364 489 391 ac
509 353 614 404 sustinuit,
638 352 698 406 ¹ipse
719 356 803 404 peccata

45 426 113 465 nostra
128 422 228 475 suscepit;
250 419 368 474 ²proprium
383 421 427 475 ipse
442 420 501 462 lilium
517 423 602 475 prelium
617 421 748 463 redemtionis
764 432 802 474 pro

45 493 103 534 nobis
125 490 190 544 dedit,
213 496 302 533 sanctum
323 504 361 544 pro
381 492 466 545 iniquis,
491 493 535 533 mali
556 497 659 546 expertem
680 505 717 547 pro
739 492 801 544 malis,

42 565 117 618 justum
133 573 170 615 pro
186 562 272 616 injustis,
289 563 458 615 incorruptibilem
474 574 511 615 pro
528 563 700 615 corruptibilibus,
716 563 801 602 immor-

44 633 102 674 talem
122 643 159 685 pro
180 632 303 674 mortalibus.
335 631 385 680 Quid
407 633 458 673 enirn
480 633 533 674 aliud
552 636 634 687 peccata
654 636 722 673 nostra
737 626 814 685 poluit-

44 701 142 756 3tegere,
163 714 222 755 quam
243 703 287 757 eJus
305 703 400 755 J'uslilia?
429 703 451 744 ln
468 715 507 755 quo
524 703 562 743 alio
578 714 616 743 nos
634 702 696 755 iniqui
713 706 732 741 et
747 702 802 755 impii

41 770 146 826 Justiboari
166 783 284 825 possumus,
307 783 365 826 quam
387 772 406 811 in
423 772 466 812 solo
482 772 522 811 lilio
538 771 592 811 Dei?
624 770 735 811 Odulcem
751 782 802 822 per-

43 843 183 895 mutationem,
199 854 210 883 o
227 842 430 897 impervestigabilem
445 841 600 894 institutionem,
620 852 632 881 o
648 840 745 890 beneficia
763 851 802 880 ex-

42 913 186 965 spectationem
204 925 283 953 omnem
298 913 423 965 superantia:
445 917 466 953 ut
487 912 580 965 iniquitas
600 911 680 964 quidem
695 911 801 961 multorum

42 983 62 1023 in
78 993 119 1022 rino
131 982 187 1036 justo
204 980 350 1033 abscondatur,
368 981 445 1035 Juslitia
466 985 531 1021 autem
551 981 609 1021 unius
627 980 699 1021 multos
716 980 801 1035 injustos

41 1051 145 1106 justificet!
176 1052 241 1101 Quum
256 1053 317 1105 igilur
332 1052 433 1106 superiori
448 1055 538 1106 tempore
554 1063 592 1092 nos
611 1052 743 1103 convicisset,
759 1061 801 1091 non

41 1133 103 1175 posse
115 1126 204 1163 naturam
215 1126 303 1163 nostram
314 1123 353 1163 vita
364 1123 430 1176 potiri,
447 1134 500 1163 nuno
512 1126 576 1162 autem
588 1126 714 1162 servatorem
726 1125 800 1161 osten-

42 1191 110 1245 disset,
126 1192 159 1246 qui
175 1204 258 1233 servare
273 1196 340 1246 potest
356 1205 379 1233 ea
395 1194 459 1245 etiam,
476 1205 527 1245 quae
543 1192 621 1233 servari
636 1204 677 1232 non
696 1195 788 1245 poterant
794 1205 800 1242 3

40 1274 78 1315 per
97 1266 203 1315 utrumque
224 1262 298 1312 voluit,
318 1273 356 1303 nos
376 1262 493 1316 benignitati
511 1275 560 1303 suae
576 1262 673 1314 credere,
694 1263 800 1315 ipsumque

31 1331 155 1372 existimare
168 1332 293 1383 nutritorem,
304 1336 388 1385 patrem,
402 1332 524 1386 magistrum,
538 1333 678 1387 consiliarium,
694 1332 799 1384 medicum,

40 1402 162 1455 sapientiam,
178 1402 252 1454 lumen,
268 1401 373 1455 bonorem,
390 1403 481 1457 gloriam,
496 1403 565 1455 robur,
579 1404 651 1453 vilam;
668 1399 711 1442 lde
727 1403 800 1443 vestitu

40 1475 60 1511 et
75 1472 130 1512 victu
144 1472 242 1513 sollicitos
258 1485 298 1514 non
315 1484 366 1514 esse.

79 1598 104 1640 X.
136 1599 220 1650 Quanto
236 1580 291 1642 benc
306 1600 412 1663 [lioperto
429 1600 526 1653 affluunt,
541 1603 561 1642 sl
574 1601 635 1654 ficem
650 1602 760 1653 suscipiat.

98 1682 154 1723 Hanc
175 1683 192 1722 si
214 1687 234 1722 tu
255 1695 336 1735 quoque
352 1681 492 1736 ⁵expetiveris
513 1682 584 1735 fidem,
606 1683 664 1723 etiam
682 1682 799 1735 adipisceris

39 1753 123 1807 primum
140 1752 219 1805 quidem
235 1754 357 1807 agnitionem
373 1749 458 1806 ⁶patris.
489 1753 545 1793 Deus
557 1753 609 1793 enim
620 1752 711 1793 homiues
723 1752 799 1802 dilexit,

38 1827 121 1876 propter
137 1834 187 1875 quos
204 1824 297 1863 mundum
313 1823 400 1875 creavit,
422 1824 493 1876 quibus
510 1824 576 1864 omnia
592 1824 689 1877 subjecit,
712 1822 800 1875 quaein

40 1889 111 1934 ⁷terra
127 1896 184 1945 sunt,
207 1894 278 1946 quibus
294 1889 424 1946 ⁸ratiouem,
447 1894 518 1947 quibus
534 1897 620 1934 mentem
637 1892 703 1943 dedit,
728 1892 799 1945 quibus
862 1943 868 1945 ‚

38 1963 87 2005 solis
98 1961 192 2004 ⁹sursum
204 1964 228 2004 ad
236 1964 301 2017 ipsum
311 1964 380 2005 oculos
390 1963 482 2004 attollere
491 1962 588 2016 permisit,
599 1974 650 2015 epiros
660 1961 684 2002 ad
692 1962 799 2016 imaginem

37 2100 109 2135 Beureri
122 2107 178 2135 autem
188 2102 286 2147 apographo
296 2107 313 2136 et
321 2103 338 2136 iu
348 2102 408 2136 codiee
427 2111 451 2133 σοι
463 2101 530 2145 παρέξει.
548 2099 582 2134 Cir.
589 2102 740 2146 Qrtartelscbrift,
749 2099 799 2134 l825.

37 2158 179 2206 Argentoratensi
192 2154 280 2195 evidenter
291 2161 372 2205 scriptum
383 2166 408 2195 est
427 2172 444 2204 p.
457 2160 498 2194 455.

37 2216 113 2260 ποθνζσῃς.
134 2221 186 2252 Orno.
450 2218 469 2261 7)
484 2217 509 2252 lta
521 2218 598 2253 lacunam
608 2218 672 2253 codicis
681 2217 738 2263 explet
748 2216 798 2260 Ottc;

60 2277 80 2321 6]
93 2275 117 2310 lta
131 2276 208 2310 lacunam
221 2277 285 2311 codicis
299 2277 408 2323 Stephaniani
427 2277 455 2310 alii
468 2277 529 2322 legunt
541 2275 557 2308 ἐν
571 2274 619 2321 αὐτῷ.

38 2334 113 2378 explevit
130 2337 178 2378 Otto,
201 2335 222 2369 ad
243 2335 294 2369 iidem
316 2336 409 2382 apographi
450 2333 508 2380 8l'lta
521 2336 596 2370 codices.
620 2336 665 2370 blale
678 2336 755 2370 blaranus
769 2333 799 2367 20¹-

37 2390 136 2426 Beureriaui
149 2399 166 2426 et
178 2394 240 2427 codicis
250 2394 408 2440 Argentoratensis,
427 2407 462 2439 γιον
476 2394 557 2428 exhihuit.

36 2456 116 2485 vertens:
135 2453 199 2496 „liant
211 2454 236 2487 alra
248 2455 350 2489 Sebrtsucbt
362 2456 408 2489 itaet
451 2454 470 2499 9)
482 2452 523 2487 Post
536 2462 597 2486 vocem
609 2451 663 2495 μόνοις
676 2453 741 2487 eratin
755 2452 798 2486 lllsto

34 2509 95 2551 Jerrern
109 2511 197 2551 Gtattteu,
216 2521 236 2544 so
254 2513 306 2546 sciret
323 2513 348 2547 alat
362 2515 409 2547 aucit
427 2511 486 2554 litera,
505 2522 556 2555 quam
570 2510 666 2555 Stephanus
680 2513 745 2545 initium
759 2521 798 2545 esse

38 2567 98 2601 (butten
120 2569 183 2602 ll'esert
205 2570 302 2611 crlreruaeu,
324 2572 368 2605 dues
389 2583 408 2605 es
427 2576 475 2614 putat
487 2571 535 2603 vocis
547 2565 581 2601 lto
593 2575 622 2602 aut
637 2566 695 2606 ἀτενές.
718 2568 798 2603 Habebat

37 2625 239 2661 ttamttcatteteoet.“
259 2629 321 2663 Boutta
334 2628 408 2672 placuit:
427 2625 460 2659 ἰίνω
484 2627 594 2672 apographon
619 2625 694 2661 Beureri.
727 2631 797 2661 blanau.

36 2679 123 2726 ἐπίγνωσιν
134 2682 229 2728 astantiam]
240 2686 270 2716 τοῦ
283 2684 325 2717 Θεοῦ
336 2685 408 2730 χρηστό-
427 2685 499 2719 Primam
515 2685 582 2720 literam
596 2687 643 2720 vocis
660 2682 694 2717 ἒένω
712 2688 764 2721 etiam
780 2688 798 2720 in

37 2741 103 2788 apzc;];
121 2743 226 2788 Sylbttrpio:
244 2741 331 2789 ἐπίγνωσιν
349 2742 409 2789 πατρὸς
427 2744 487 2778 codiee
500 2743 642 2794 Argentoratensi
655 2743 720 2781 delexit
733 2745 778 2787 Otto,
