1765 2987
60 170 91 205 Au
104 167 249 214 placuerum]
352 166 524 203 Puouucoutuutt.
730 165 819 201 LXXXVII

61 289 119 318 mann
130 274 150 332 ¹)
166 276 191 318 de
206 275 244 319 bac
258 290 282 318 re
298 276 460 331 disputaverunt3
476 275 497 316 hi
512 276 584 318 Justini
600 288 681 317 causam
697 279 782 330 agentes
799 278 819 314 et

61 348 144 389 aliorum
153 348 281 402 objectiones
286 347 433 400 impugnantes,
440 345 468 386 illi
476 346 579 400 epistolam
586 346 665 391 Justiuo
674 345 819 400 abjudicantes.

119 417 270 471 Inscriptionem
291 417 343 457 illam
364 417 384 457 in
400 415 478 457 duobus
494 416 596 457 codicibus
617 419 729 469 repertam,
751 414 819 469 magni

61 487 153 529 fecerunt
174 488 221 529 Otto
242 485 345 542 [Epistola
365 485 390 528 ad
405 486 499 540 Diognet.
519 485 564 526 edit.
581 485 603 526 lt.
624 498 642 539 p.
662 484 702 541 11)
724 489 744 526 et
758 483 819 526 Hoff-

61 569 144 598 mannus
165 555 190 611 [l.
207 570 224 597 c.
245 570 264 610 p.
280 557 306 612 2)
313 570 319 607 3
342 569 402 609 quum
424 568 473 597 vero
496 559 581 608 uterque
604 555 671 596 codex
689 555 819 607 posterioris

61 627 140 668 demum
156 632 211 669 esset
226 628 296 668 aetatis
313 632 333 668 et
349 627 411 668 ceteri
426 626 507 668 codices
523 625 561 665 bac
574 620 705 677 inscriptione
720 627 819 675 carerent,

61 708 102 737 non
127 697 209 737 multum
236 697 331 750 ponderis
355 696 383 736 illi
410 695 524 737 testimonio
555 698 655 735 externo·
672 692 819 734 attribuendum

60 770 158 820 putamus.
188 766 258 807 Falsae
275 766 327 806 em'm
342 765 484 817 inscriptiones
503 774 602 817 persaepe
623 762 682 804 nobis
703 765 818 813 occurrunt,

61 848 79 877 e.
99 848 120 890 g.
141 835 266 877 arabicorum
288 846 387 876 canonum
409 833 488 875 concilii
507 830 630 888 Nicaeni²)‚
665 832 756 885 Deinde,
780 843 820 885 quo

61 906 126 946 minus
147 904 227 946 Justino
247 904 299 945 banc
320 903 424 958 epistulam
446 903 567 955 tribuamus,
590 902 610 943 id
630 902 725 957 imprimis
749 902 820 953 obstat,

62 974 130 1027 ,quod
146 974 197 1015 baec
213 974 299 1027 epistola
314 974 414 1015 sermonis
435 972 502 1013 indole
522 972 575 1014 haud
593 985 664 1025 parum
680 973 780 1025 discrepat
796 971 819 1011 ab

60 1045 85 1085 iis
100 1044 163 1096 libris,
178 1035 231 1097 ¹quos
246 1043 320 1085 Justini
336 1055 382 1084 esse
399 1047 456 1084 extra
472 1042 631 1084 controversiam
646 1042 733 1095 positum
751 1044 782 1081 est
793 1038 820 1094 ³).

61 1113 110 1162 Quis
126 1118 157 1154 est
172 1114 230 1165 enim,
247 1126 306 1166 quem
321 1113 391 1168 fugiat,
408 1113 517 1166 simplicem
531 1117 551 1153 et
562 1113 688 1166 perspicuam
702 1112 761 1165 hujus
775 1111 820 1163 epi-

60 1183 124 1224 stolae
138 1182 263 1238 dictionem,
285 1183 398 1237 expeditam
414 1183 471 1224 simul
493 1186 513 1222 et
527 1182 626 1236 integram
641 1180 750 1223 verborum
767 1193 820 1221 con-

61 1252 203 1303 structionem,
224 1264 247 1292 ac
268 1252 393 1306 singulorum
408 1251 556 1292 enuntiatorum
576 1252 724 1292 connexionem
739 1238 821 1291 multum

62 1319 144 1361 differre
164 1324 204 1361 tum
224 1333 235 1361 a
254 1321 363 1362 verborum
384 1333 432 1372 usu,
455 1333 514 1373 quem
536 1320 556 1360 in
575 1319 648 1361 Justini
668 1320 748 1373 scriptis
769 1331 822 1360 con-

61 1390 168 1442 spicimus,
182 1390 341 1441 ‘artificiosiore,
362 1394 403 1430 tum
423 1390 447 1430 ab
467 1390 529 1442 ipsius
550 1390 626 1431 inculto
643 1388 721 1430 dicendi
737 1400 821 1443 genere,

62 1470 107 1500 eum
131 1465 151 1512 et
173 1460 266 1514 impedita
291 1460 422 1513 intricataque
449 1463 513 1501 utatur
533 1459 641 1501 verborum
664 1458 821 1510 constructione,

62 1528 168 1580 phrasibus
194 1530 264 1570 mediis
289 1529 343 1570 haud
358 1526 414 1571 'raro
438 1529 518 1571 nimium
542 1533 636 1582 quantum
661 1529 776 1580 cumulatis,
803 1531 823 1568 et

63 1597 164 1650 prioribus
185 1598 309 1653 singulorum
330 1601 478 1641 enuntiatorum
497 1599 565 1640 verbis
587 1599 731 1653 consequentia
747 1597 822 1654 addere

63 1677 125 1723 saepe
141 1668 232 1723 negligat
242 1666 270 1722 ⁴).
300 1669 356 1716 Quae
377 1668 457 1722 quidem
478 1658 578 1729 sermonis
601 1669 823 1724 discrepantianeque

87 1792 434 1840 l]Hoffmann(Gymnasial-Oberlehrer
474 1795 494 1840 4)
511 1795 530 1830 V.
547 1794 567 1829 D,
586 1786 668 1831 'sumtum
687 1795 709 1828 de
730 1794 762 1829 hac
781 1793 822 1837 styli

62 1850 79 1884 iu
87 1850 150 1885 Neisse
160 1852 178 1885 in
186 1851 283 1898 Schlesien]
297 1852 351 1896 „iiber
359 1852 434 1887 lustinus
453 1853 567 1897 discrepantia
579 1854 604 1887 ita
612 1854 681 1887 disserit
694 1852 713 1896 (l.
720 1865 735 1887 c.
743 1864 760 1898 p.
769 1852 822 1895 177)1

63 1909 92 1943 des
102 1909 193 1953 ttartyrers
201 1909 250 1944 Brief
261 1921 282 1944 au
291 1908 375 1957 Diognet“
390 1911 433 1945 1851
454 1910 508 1954 „Statu
520 1912 558 1946 dass
567 1912 596 1946 die
604 1911 703 1946 Schreibart
711 1911 780 1946 Justin's
789 1911 822 1945 den

62 1968 80 2000 in
95 1966 235 2010 „labresbericht
250 1968 280 2002 des
293 1967 357 2015 lrdnigi.
369 1969 433 2004 kathol.
453 1968 598 2004 uttschctaratner
617 1973 673 2017 trdgt,
693 1970 774 2006 welehen
795 1969 823 2003 die

63 2024 142 2069 Gymnas.
156 2021 266 2061 1111111111.α
452 2028 560 2074 griechische
573 2028 649 2074 Sprache
663 2031 696 2064 seit
709 2029 740 2064 der
752 2028 824 2073 Epoche

86 2083 106 2128 2)
120 2082 154 2117 Clr'.
172 2083 233 2118 librum
248 2095 305 2119 meum
323 2083 433 2130 „Concilien-
453 2086 824 2121 1111111111111111111111111111511111-

62 2142 180 2187 geschichtet,
194 2141 246 2178 1855.
259 2142 302 2178 Τ.Ι.
316 2155 333 2188 p.
346 2144 386 2178 351.
452 2145 514 2180 tendet
537 2144 671 2191 Allgemeinheit
699 2155 824 2191 angeuummeu

86 2200 105 2245 3]
119 2200 176 2244 Stylus
189 2201 273 2245 epistolae
285 2208 364 2246 nostrae,
377 2202 435 2246 iudice
452 2203 507 2246 hatte,
520 2203 580 2237 nithert
593 2204 629 2238 sich
640 2204 670 2238 der
677 2205 707 2238 Stil
717 2205 747 2238 des
756 2203 824 2237 Brieies

50 2257 125 2292 ‘Grabio
138 2257 202 2302 [spicit
215 2259 233 2293 T.
242 2258 263 2292 ΙΙ.
276 2271 293 2304 p.
303 2260 352 2303 165),
365 2261 434 2294 nimium
453 2261 572 2295 derReinheit
585 2262 617 2295 der
628 2261 736 2296 klassischen
746 2262 823 2304 Dictiou3

63 2321 143 2361 quantum
163 2326 173 2350 a
190 2316 262 2362 reliquis
278 2317 338 2352 Justini
355 2319 434 2362 operibus
453 2324 493 2353 statt
506 2319 545 2352 dass
557 2318 612 2353 Justin
627 2320 645 2352 in
658 2319 689 2353 der
701 2319 757 2365 Regel
769 2319 823 2353 nach-

63 2379 89 2408 est
98 2374 183 2417 diversus,
195 2380 213 2408 et
221 2376 290 2420 argutiis
300 2376 381 2419 abundat,
390 2387 435 2422 quae
452 2376 506 2422 lttssig
522 2377 557 2410 und
569 2378 656 2412 incorrect
667 2378 753 2420 schreibt,
771 2378 794 2411 ist
806 2377 823 2410 in

62 2442 101 2466 raro
115 2431 161 2475 apud
174 2431 258 2466 tustinum
270 2435 387 2478 reperiuntur3
403 2434 434 2477 ju·
454 2436 492 2469 dem
506 2434 564 2470 Briefe
577 2436 608 2469 auf
618 2435 751 2470 denAusdruclr
763 2445 823 2479 grosse

63 2489 101 2523 dice
114 2488 202 2524 Gallandio
216 2490 234 2532 (l.
248 2501 262 2524 o.
275 2502 292 2536 p.
304 2491 362 2534 LXIX)
380 2492 435 2536 stylus
453 2492 529 2538 Surgialt
545 2494 656 2536 verwendet;
674 2498 715 2527 statt
731 2493 770 2526 dass
786 2493 824 2526 sich

62 2546 116 2580 multo
135 2552 161 2580 est
178 2547 255 2582 floridior
268 2560 289 2583 eo
303 2555 320 2584 et
332 2547 434 2595 elegantior,
453 2550 508 2584 Justin
522 2552 548 2584 ttir
560 2549 670 2596 geiuttbnlieb
684 2552 701 2584 in
715 2551 746 2584 der
758 2550 824 2595 Sphdre

39 2649 44 2658 .>
63 2614 97 2650 quo
110 2604 127 2638 S.
137 2604 202 2649 blartpr
214 2606 230 2639 in
243 2610 288 2650 suis,
303 2612 386 2653 quotquot
399 2609 435 2641 cir·
454 2609 485 2642 der
496 2609 588 2653 gemeinen
601 2609 698 2654 Umgangs-
710 2608 745 2642 und
758 2608 824 2642 Vollm-

64 2663 190 2705 conteruntur,
208 2665 280 2701 sinceris
297 2665 379 2711 operibus
395 2677 435 2702 usus
453 2666 526 2711 sprache
539 2667 584 2710 hate,
600 2668 671 2712 bewegt
683 2666 720 2701 sich
733 2667 764 2701 der
778 2667 824 2702 Ver-

64 2721 172 2766 comperitur.
453 2725 508 2759 fasser
515 2725 545 2760 des
551 2724 617 2759 Briefes
625 2726 642 2758 in
649 2724 712 2759 hohern
719 2725 825 2772 Schwunge,

99 2790 144 2817 Patres
153 2794 195 2823 apost.
206 2789 232 2817 Ed.
242 2792 265 2818 IV.
667 2785 683 2826 F
