1765 2987
308 163 430 199 BARNABAE
442 165 555 202 EPISTULA.
574 168 587 202 Ι.
599 167 621 203 ΙΙ.
830 172 843 213 3

88 273 157 314 1Sicut
173 285 223 327 ergo
238 273 317 314 locutus
335 278 372 325 est,
388 273 491 314 honestius
508 280 527 316 et
543 276 600 317 altius
617 276 716 316 accedere
732 273 774 316 ²ad
790 288 844 316 aram

85 343 143 382 iilius.
173 342 217 397 Ego
234 348 299 383 autem
315 355 355 383 non
371 346 464 396 tanquam
480 345 557 398 doctor,
573 346 608 387 sed
621 358 672 387 unns
684 360 711 387 ex
723 346 787 399 vobis,
805 346 844 387 de-

84 412 200 453 monstrabo
216 425 285 466 pauca,
302 410 356 466 ³per
371 425 422 465 quac
437 414 457 453 in
473 414 561 467 plurimis
576 416 671 455 laetiores
687 417 736 464 sitis.
759 441 761 443 -

210 590 217 598 Ι
244 538 266 579 H.
298 538 408 592 Sacrificio
419 541 511 592 jndaico
526 543 609 583 abolita
624 547 679 583 sant.

144 618 192 659 Cum
207 620 247 660 sint
263 632 313 674 ergo
330 621 372 662 dies
389 623 511 675 nequissimi,
520 628 548 671 ¹et
562 621 691 664 ⁴contrarins
702 622 773 663 habeat
784 624 842 677 hujus

85 688 161 729 saecuti
176 693 307 742 potestatemg
329 692 425 732 debemus
442 693 574 733 adtendentes
594 693 696 745 inquirere
713 691 842 745 ⁵aequitates

84 757 170 798 Domini.

113 824 178 881 6Τῆς
192 823 229 880 μὲν
244 820 279 869 οὖν
293 825 387 877 πίστεως
399 824 457 886 ἡμῶν
502 830 577 876 ⁶Fitiei
593 844 644 885 ergo
662 835 744 881 nostrae
764 831 843 885 adjutor

84 892 136 937 εἰσιν
151 892 172 938 οἱ
186 895 330 955 συλλήπτορας
342 893 412 956 φόβος
423 897 457 941 καὶ
474 906 504 941 est
519 902 579 941 timor
599 905 619 942 et
638 901 767 951 sustinentia3
777 929 781 935 ·
791 913 842 953 qnae

83 962 191 1024 ὑπομονὴ·
215 963 243 1009 τα
264 966 288 1009 δὲ
308 969 456 1022 συμμαχοῦντα
473 975 538 1011 autem
554 972 657 1012 nobiscum
680 975 780 1025 pugnant,
803 982 842 1022 pa-

83 1031 130 1092 rjqriv
143 1035 281 1095 μακροθυμία
293 1037 327 1080 καὶ
340 1034 454 1096 ἐγκράτεια.
472 1041 540 1081 tientia
552 1045 581 1081 est
593 1045 612 1080 et
623 1040 751 1081 continentia.
775 1036 841 1079 ⁷Haec

84 1102 195 1149 ΊΤούτανν
218 1101 264 1160 οὖν,
289 1105 317 1151 να
339 1105 396 1168 νομός
418 1106 455 1152 τὸν
472 1123 515 1150 cnm
532 1110 583 1163 apud
599 1110 705 1150 Dominum
723 1113 841 1163 permanent

82 1175 168 1234 Κύριον,
183 1171 285 1232 μενόντων
300 1173 375 1232 ἁγνῶς,
390 1179 453 1222 8οον-
471 1185 536 1231 casta,
562 1177 720 1220 8conlaetantnr
742 1180 780 1219 iliis
803 1191 839 1219 sa-

82 1244 230 1305 ενφραίνονναι
241 1244 312 1297 αὐτοῖς
322 1246 396 1306 σοφία,
407 1243 453 1290 οὑν-
470 1249 543 1303 pientia
560 1254 580 1289 et
594 1249 714 1290 intellectus.

83 1329 132 1367 εσις,
148 1313 257 1375 ἐπιστήμη,
272 1318 352 1373 γνῶσις.

82 1388 193 1442 Adapernit
209 1390 261 1430 enim
277 1390 334 1431 nobis
350 1403 387 1443 per
403 1402 472 1431 omnes
484 1389 600 1442 Prophetas,
617 1389 662 1442 quia
674 1380 715 1429 non
727 1389 788 1429 utitur
799 1401 838 1429 no-

81 1461 128 1500 stris
143 1461 225 1512 hostiis,
246 1473 313 1514 neque
329 1462 427 1512 victimis,
448 1473 514 1514 neque
531 1460 674 1510 oblationibus,
693 1459 743 1512 baec
759 1458 839 1498 dicens:

81 1526 147 1579 ⁹an
164 1530 215 1570 rotat
230 1532 383 1572 rnaititadc'aem
398 1532 555 1584 sacrificiorum
570 1530 704 1572 uestrorum?
727 1530 779 1569 atat
793 1529 840 1569 Da-

80 1601 154 1640 miaas.
185 1601 263 1641 Plenas
278 1614 323 1642 sam
337 1601 555 1642 holocaustomatibus
572 1602 661 1641 arictum
683 1606 703 1639 et
718 1600 840 1651 pirrqaami-

80 1669 142 1710 aibas
163 1683 278 1723 ομνια-νου
301 1676 321 1710 et
340 1672 463 1723 scraqaiaem
482 1673 589 1712 barcarum
610 1676 630 1711 et
651 1676 758 1711 tatarorum
778 1668 841 1716 a0l0;

79 1753 118 1780 arec
133 1741 152 1780 si
167 1740 259 1780 oeraiatr's
276 1737 372 1780 ι(Ῑονόἰονν
387 1741 443 1781 anilii.
476 1740 526 1790 Oais
543 1741 597 1779 enim
613 1739 731 1791 eaquisioit
746 1739 799 1778 baec
814 1737 840 1776 de

78 1809 176 1850 artantibus
192 1809 286 1850 cestris?
318 1809 408 1850 Calcare
430 1811 500 1851 acriam
520 1822 586 1850 ciream
606 1822 649 1849 acon
671 1807 785 1859 adjicietis.
815 1806 839 1846 Si

78 1912 174 1945 futurorum
190 1925 214 1944 =
229 1913 274 1946 vitae
291 1919 418 1947 consummatae
434 1914 450 1946 in
493 1914 512 1957 a)
526 1912 591 1946 Graeca
603 1913 647 1946 haec
657 1916 723 1944 exstant
731 1909 776 1954 apud
786 1911 839 1944 Clara.

78 1981 132 2015 regno
146 1973 223 2007 coelesti.
469 1973 521 2007 ⁴tiam
534 1971 545 2004 l.
559 1981 574 2003 c.

103 2028 121 2074 1)
135 2028 207 2062 Sensus:
224 2030 275 2072 laea,
293 2030 364 2065 atotnac
381 2031 449 2064 colan-
492 2031 511 2072 7]
524 2028 536 2062 1.
550 2039 565 2061 e.
579 2030 608 2064 bis
620 2040 662 2074 erqo
676 2030 695 2063 in
707 2030 742 2071 iis,
763 2038 807 2072 quae
819 2029 841 2062 ad

78 2088 110 2121 tuti
128 2087 276 2132 obtemperantes,
297 2088 365 2133 purius
385 2093 401 2121 et
420 2089 448 2121 ut·
468 2090 564 2123 Doaaiaam
579 2088 678 2132 pertinent,
698 2092 747 2121 caste
765 2097 840 2120 caurien-

78 2145 115 2179 tius
127 2147 223 2180 concredere
235 2147 317 2181 debemus
336 2147 359 2180 aa
370 2147 450 2180 divinum
467 2147 514 2180 ttius
524 2150 556 2178 etc.
572 2147 625 2180 Casta
635 2145 646 2178 i.
653 2155 668 2177 e·
676 2145 748 2188 integra.
758 2146 840 2177 biniano.

78 2204 175 2237 ceritatem·
200 2205 241 2246 Ωον
257 2205 276 2237 in
292 2214 312 2237 re
324 2204 398 2248 epistola
410 2214 449 2237 ntea
491 2202 510 2247 8)
529 2202 592 2236 Sensus
608 2207 644 2236 est:
664 2205 728 2238 ceteris
746 2204 786 2248 fidei
803 2213 839 2236 no-

77 2261 145 2295 utinum
157 2272 190 2296 vos
204 2263 283 2306 aajiioer.
467 2266 516 2295 strue
539 2267 601 2295 coacta-a
618 2262 704 2295 Saturium
725 2261 839 2304 adjiciat-ibas

101 2317 120 2362 2]
131 2317 160 2362 'So
170 2320 262 2364 deberiraas5
273 2318 448 2363 inpraeceptisenim
467 2320 555 2363 supientia
567 2338 589 2343 —
602 2316 613 2360 >J
628 2316 706 2360 ἕπιστὴμν]
722 2319 755 2349 τῶν
771 2315 839 2349 ‹iracun-

77 2377 139 2419 passim
152 2381 192 2411 aute
204 2377 306 2411 infinitivum
322 2375 349 2408 δεῖ
364 2374 448 2408 subaudi·
466 2374 524 2418 μάτων
541 2378 571 2408 τοῦ
589 2377 643 2421 κυρίου
658 2396 681 2401 η
699 2387 741 2411 sesa
759 2377 838 2419 ccirjnn-

76 2438 108 2466 tur.
135 2435 227 2469 Cornicis.
466 2440 496 2481 qut
513 2440 584 2479 oportet.
617 2434 705 2475 Quaenam
722 2434 756 2467 sint
772 2430 838 2463 δικαιώ-

100 2491 120 2537 3)
134 2491 167 2526 Cfr.
182 2493 190 2526 1
204 2492 265 2527 Joann,
280 2493 295 2536 i,
308 2493 325 2525 4.
466 2505 511 2535 ματα
524 2491 563 2536 nia,
576 2493 593 2525 in
606 2492 717 2537 sequentibus
730 2492 826 2535 exponitur.

100 2549 120 2593 4)
132 2548 146 2582 Ι.
156 2561 171 2583 e.
180 2553 264 2586 Satanas.
286 2550 308 2584 Cf
317 2577 320 2584 i
331 2549 339 2582 1
349 2549 393 2585 Petr.
403 2550 420 2592 5,
430 2550 447 2583 8.
490 2550 508 2592 9]
523 2549 560 2584 lsai.
574 2551 595 2593 i,
609 2550 683 2584 11-14,

100 2606 119 2650 5]
131 2606 246 2649 Δικαιώματα,
262 2615 365 2654 praccepta,
383 2607 412 2641 vel
431 2613 449 2641 ut
478 2607 508 2649 10)
521 2607 565 2641 biaic
584 2608 614 2642 bis.
630 2609 700 2648 cidara,
722 2605 770 2649 juxta
788 2605 838 2639 LXX.

76 2663 343 2711 inira:corasitiabcniqnitutis.
358 2665 392 2699 Cir.
403 2665 447 2708 oX,
466 2666 476 2698 i.
496 2668 555 2701 videri
570 2668 624 2710 anibi,
644 2666 654 2698 i.
672 2677 687 2699 e.
704 2667 763 2701 videri
779 2679 789 2700 a
805 2677 838 2700 me.

75 2720 114 2755 XVI
126 2725 143 2754 et
154 2720 197 2756 XXI.
213 2728 230 2755 ct
243 2733 258 2757 o.
271 2723 283 2756 1.
298 2723 342 2758 Nota
356 2724 372 2757 3.
455 2726 549 2762 [Mariano.

660 2780 693 2822 lit·
