1765 2987
59 171 76 208 S.
89 168 187 216 IGNthl]
353 167 525 206 ructationibus,
771 170 822 223 XLlX

58 279 166 320 Hnilterns
179 277 198 335 ¹]
204 310 211 329 ,
227 277 351 319 Frt'elcrt'cns
366 277 505 321 Diisterdieelc
516 277 538 336 Ἰ)
544 312 551 331 ,
569 278 678 321 Gerendus
696 277 790 320 Uhlltorn
798 275 820 333 ³]

59 355 79 391 et
89 350 211 405 Anonpnnis
223 348 302 402 quidam
313 349 333 389 in
345 349 515 403 ephemeridibus:
531 352 612 394 Herold
629 353 665 393 des
677 350 783 393 Glnuhens
792 347 820 405 l).

116 421 139 462 V.
162 420 278 471 Oceanus,
293 419 420 473 epistolarum
430 420 501 475 lgnatii
512 435 554 462 rem
566 434 635 477 agere,
650 426 750 471 moveant,
762 421 819 462 audi:

119 488 144 544 1)
160 490 241 531 Minime
257 481 380 530 rajenarius
401 493 458 532 nobis
478 493 589 546 persuasit,
610 494 725 534 Rornennm
740 492 819 546 Ipnetii

57 555 108 612 iter,
131 560 184 615 qnod
205 560 307 602 scribendi
327 561 363 602 has
380 562 474 616 epistolas
491 563 618 604 occasionem
635 564 752 617 praebuisse
768 576 819 618 por-

57 631 143 682 hibetur‚
160 642 207 672 esse
223 632 383 673 commentitium.
610 682 612 684 Υ

117 700 141 756 a]
158 702 265 757 Trajanum
281 703 333 743 euim
344 702 464 744 Antiochiae
480 701 580 743 hiemasse
594 701 680 744 dubitari
694 714 736 744 non
747 707 818 757 polest.

100 770 142 827 b)
158 772 208 813 Eum
220 772 350 823 Christianos
366 773 412 814 illos
428 773 554 827 praesertim,
570 773 604 826 qui
620 773 681 814 delati
697 778 716 813 ct
732 775 819 815 aecusnli

56 846 121 894 erant,
137 842 161 883 ad
173 846 257 883 mortem
268 842 381 894 damnasse,
398 855 457 884 nemo
466 843 513 896 J'ure
524 843 611 897 negabit.
638 843 681 884 Jarn
692 842 819 885 Plinio'eui'm

55 912 173 966 proconsuli
187 913 297 967 imperator
313 912 452 954 mandaverat:
471 913 504 964 „si
519 913 644 965 deferuntur
659 918 679 953 et
692 921 817 968 caperentur,

53 983 159 1035 partiendi
174 985 243 1025 suni.“
276 983 315 1024 Cl'r.
334 984 434 1035 Ulilliorm
450 984 462 1024 l.
479 996 495 1023 c.
512 996 530 1036 p.
548 980 596 1025 264.
630 1005 635 1010 f

116 1052 139 1110 c)
156 1054 220 1106 Plebs,
236 1066 309 1108 panem
320 1060 340 1096 et
351 1055 457 1096 circenses
470 1054 581 1107 postulans,
597 1053 676 1095 meliori
691 1054 817 1096 nullomodo

54 1125 130 1179 placari
144 1129 231 1179 poterat,
247 1138 306 1179 quam
322 1126 480 1167 Christianorum
496 1123 520 1165 ad
536 1124 615 1165 bestius
631 1124 764 1166 damnatione.

115 1193 139 1251 d]
157 1196 299 1250 Imperatorem
310 1201 344 1237 aut
354 1195 495 1251 proconsulem
505 1195 549 1249 eJ‘us
561 1191 591 1249 [si
601 1194 722 1235 Uhlhoruum
733 1194 815 1251 audias]

55 1264 159 1308 damnatos
175 1263 299 1307 Christianos'
319 1266 402 1307 Romam
421 1266 511 1317 misisse,
532 1269 554 1305 ut
569 1264 671 1306 Romanae
690 1265 745 1318 plebi
765 1267 816 1319 grati

54 1336 128 1389 aliquid
150 1336 237 1390 faceret,
261 1336 316 1387 nullu
339 1335 399 1377 ruodo
422 1335 502 1376 veritati
524 1339 629 1389 repugnat.
661 1333 700 1375 Cir.
725 1333 816 1376 Ulilhorn

53 1406 66 1447 l.
84 1419 100 1447 c.
116 1420 135 1462 p.
152 1406 195 1450 aba
210 1419 240 1461 sq.

113 1476 137 1533 e)
154 1477 212 1526 Quod
232 1477 321 1533 Ignatius
342 1477 439 1531 Smyrnae
461 1479 481 1516 et
499 1475 579 1516 Troade
600 1474 672 1516 fratres
695 1477 815 1517 convenisse

54 1547 122 1601 ibique
138 1548 233 1602 epistolas
250 1550 356 1602 scripsisse
373 1547 496 1601 perhibetur,
512 1545 531 1585 id
547 1545 626 1586 minime
639 1546 756 1587 contradicit
767 1559 815 1588 cru-

55 1617 129 1658 delitati
146 1617 262 1670 custodum,
286 1619 311 1659 de
332 1631 370 1667 qua
391 1618 435 1670 ipse
451 1617 471 1657 in
487 1615 565 1671 Epad
581 1615 637 1656 Rom.
654 1628 672 1656 c.
689 1614 701 1657 5
718 1617 815 1669 queritur.

53 1687 112 1740 Apud
123 1687 225 1729 Romanos
236 1688 289 1728 enirn
301 1688 391 1741 captivis,
407 1687 432 1727 ad
443 1686 515 1726 milites
527 1685 620 1739 alligatis,
635 1687 754 1739 permissum
767 1690 815 1738 erat,

54 1757 128 1797 anticos
144 1758 248 1810 suscipere
264 1762 284 1797 et
298 1757 362 1798 libere
383 1757 471 1809 colloqui
491 1769 536 1796 cum
556 1756 601 1797 illis.
632 1757 705 1797 Paulus
722 1770 739 1798 e.
756 1771 775 1811 g.
795 1758 815 1798 in

53 1827 248 1868 virentiscbrismm
264 1827 393 1881 praedicavit.
425 1826 464 1867 Gir.
480 1826 523 1867 Act.
539 1824 573 1877 28,
588 1823 620 1867 16.
636 1824 670 1868 30.
685 1825 727 1868 31,’
750 1827 814 1867 Prae-

53 1900 110 1936 terea
126 1897 244 1951 saepissime
260 1897 366 1938 Christiani
386 1897 460 1940 aditum
481 1896 506 1937 ad
527 1901 626 1951 martyres
642 1901 661 1937 et
676 1897 813 1938 incarceratos

53 1971 138 2021 argento
150 1980 161 2008 a
172 1968 265 2011 militibus
277 1972 374 2009 emerunt.
406 1966 485 2021 Optime
496 1979 546 2021 ergo
557 1966 688 2008 Penrsonins
698 1964 719 2021 ⁵)
733 1968 814 2008 scribit:

52 2036 110 2078 Haec
126 2049 172 2077 cern
186 2037 254 2089 suerit
263 2038 406 2079 vetustissima
417 2039 519 2080 eeclesiae
530 2039 668 2089 consuetudo,
684 2039 740 2079 idern
753 2038 816 2079 ellum

52 2108 75 2147 in
85 2106 165 2160 anniin'
175 2109 266 2150 uinculis
277 2108 357 2160 suetiam
368 2115 456 2151 constat.
471 2132 501 2137 -
514 2131 543 2138 —
560 2108 659 2150 Onenihns
672 2098 737 2162 ipilnr
748 2109 816 2149 nicoclis

53 2178 145 2219 Diuccni
161 2178 239 2231 aliique
255 2178 281 2219 ed
293 2179 395 2220 Ecclesiis
405 2179 465 2221 risisse*
475 2178 560 2232 anutic
576 2180 599 2218 ln
615 2179 689 2219 ttinere
704 2180 814 2219 iniciist‘e-

54 2247 110 2298 hcnt,
127 2248 223 2300 adeoque
239 2261 284 2288 enm
300 2261 314 2289 u
328 2248 478 2290 decoctionibus
493 2250 588 2299 militnm,
605 2253 705 2300 qnantum
723 2249 745 2288 in
761 2248 815 2299 ipsis

53 2322 107 2367 erni,
122 2318 225 2369 praemiis
235 2318 372 2360 redimebant.
397 2319 452 2360 Hiitc
463 2325 532 2361 entem
542 2325 598 2360 recte
608 2319 742 2371 itatellipitnr,
757 2319 815 2371 quand

77 2455 95 2498 1)
116 2455 231 2502 Retrachtung
258 2456 288 2490 der
315 2457 423 2502 wichtigsten
465 2459 484 2499 2)
498 2459 617 2494 iliiaterdieclr
629 2458 647 2490 iu
659 2456 702 2490 libro
714 2455 749 2498 jam
761 2465 813 2500 snpra

52 2512 147 2547 Bedenlren
165 2525 222 2560 gagen
240 2515 268 2548 die
281 2514 374 2549 Aechtheit
392 2516 423 2549 der
441 2516 516 2551 laudato.

52 2571 191 2614 Ignatianischeu
203 2571 268 2608 Briele.
290 2575 327 2607 Von
341 2573 369 2607 Dr.
380 2576 422 2610 Jut.
465 2574 613 2618 autumnitani,
630 2572 728 2607 Zeitschrilt
745 2572 772 2607 liir
785 2572 813 2606 hi-

52 2629 87 2663 nt.
105 2630 184 2670 liutto,
203 2631 220 2663 in
238 2633 308 2676 lllpeuii
326 2631 424 2665 Zeitschrilt
441 2632 555 2667 stor.Tl1eol.
570 2630 620 2665 1851.
634 2642 651 2675 p.
664 2631 699 2664 247
712 2642 749 2676 sqq.

53 2685 81 2718 fiir
97 2684 157 2719 histor.
174 2685 233 2722 Theol.
252 2688 271 2723 T.
284 2688 312 2723 XI.
330 2688 380 2724 Fasc.
394 2690 422 2726 lll.
465 2690 486 2735 4)
498 2688 586 2734 Herbipoli
600 2689 649 2723 1839.
663 2688 684 2723 N.
697 2689 773 2724 lit-215.

53 2754 71 2788 p.
85 2742 149 2777 3-73.
465 2747 483 2789 5)
497 2747 812 2793 VindiciaelgnatiauaeParsll.cll,
