1765 2987
140 171 234 208 HERMAE
247 171 338 207 Piston.
362 171 459 207 Ltunuu.
485 173 585 208 cinitoni.
598 172 626 208 XI.
639 172 675 208 XII.
746 174 788 217 371

31 287 82 326 trunc
97 281 156 321 homo
173 284 253 334 putetur
269 281 359 333 spiritum
374 280 461 332 hnhere;
485 282 490 307 ¹
503 283 577 325 exattnt
593 282 694 334 enimse,
711 285 731 322 et
747 281 789 322 vult

31 354 111 410 primam
127 350 241 391 cathedram
258 350 347 400 habere3
368 356 388 391 et
402 351 504 405 improbus
520 358 551 394 est
567 358 587 393 et
601 354 713 405 verbosus,
732 357 752 394 et
768 353 789 393 in

31 422 105 466 deliciis
127 425 271 472 conversetur,
293 424 312 460 et
333 421 353 460 in
373 422 506 475 uoluptatibus
529 424 608 476 multis,
631 427 651 462 et
673 422 787 463 mercedem

30 492 100 545 accipit
120 489 247 530 divinationis
268 501 322 530 suae.
354 490 430 538 Quodsi
452 504 492 533 uon
513 494 623 546 acceperit,
644 504 684 533 non
706 492 786 533 divinat.

29 564 82 604 Itane
98 559 178 613 spiritns
195 558 232 598 Dei
247 562 314 612 potest
330 560 433 600 mercedes
450 561 543 614 accipere
564 567 584 602 et
603 562 710 603 divinare?
740 562 786 603 Non

30 629 124 673 convenit
139 628 190 668 haec
206 627 274 668 facere
287 628 324 669 Dei
340 627 476 685 Prophetum}
507 632 573 672 Habes
589 636 720 684 utrorumque
734 632 786 672 Pro-

29 702 131 756 phetarum
147 699 212 738 vitam.
243 698 307 739 Probe
324 711 374 753 ergo
392 700 417 739 de
432 700 472 740 rita
486 704 506 739 ct
522 701 616 753 operibus
629 701 736 758 hominem,
753 702 788 752 qui

30 770 86 821 dicit,
109 779 131 808 se
153 768 242 821 spiritum
263 772 352 809 sanctum
373 769 454 809 habere.
486 770 524 812 Tu,
538 775 603 810 aurem
627 770 788 824 crede'spiritui

29 839 116 882 venienti
129 851 139 878 c
151 838 201 889 Deo,
217 838 298 879 habenti
313 839 412 879 virtutem.
444 838 525 891 Spiritui
535 845 600 879 autem
612 840 704 880 terrestri
714 852 787 892 vacuo,

30 910 61 964 qui
77 922 87 949 a
104 907 183 948 diabolo
200 911 241 958 est⁷
256 908 277 948 in
293 920 333 961 quo
348 908 399 949 fides
415 921 455 949 non
472 912 503 949 est
518 921 584 962 neque
602 910 678 961 virtus,
701 909 786 950 credere

28 980 73 1020 noti.
104 978 157 1019 Audi
173 990 223 1031 ergo
240 978 394 1030 similitudinem,
411 992 468 1032 qnam
481 980 514 1019 tibi
526 978 614 1020 dicturus
628 991 677 1020 snm.
708 978 785 1031 Accipe

28 1048 118 1102 lapidem
134 1052 154 1087 ct
170 1049 224 1088 mitte
239 1049 259 1088 in
275 1049 365 1099 coetum;
384 1053 417 1089 cut
432 1051 503 1090 iterum
517 1051 586 1103 accipe
597 1049 702 1102 siphonem
714 1061 785 1106 cquae,

29 1124 48 1160 et
63 1118 138 1173 ejacuta
154 1117 173 1157 in
190 1118 278 1167 coetum3
300 1123 320 1158 et
341 1118 399 1170 vide,
419 1120 436 1159 si
457 1120 523 1171 possis
543 1118 666 1172 pertundere
685 1118 784 1159 coctum.“

30 1188 86 1240 „Quo
102 1186 187 1239 modo‚“
204 1188 295 1239 inquam,
313 1186 418 1239 „domium
440 1189 490 1229 tinec
505 1190 549 1230 fieri
564 1189 665 1242 possent?
696 1188 785 1241 Utraque

29 1259 90 1309 euim,
107 1269 158 1309 quae
175 1257 253 1309 dixisti,
268 1257 313 1297 fieri
327 1270 367 1298 non
384 1257 493 1311 possuntt
525 1258 598 1310 „Sicut
615 1259 693 1312 ergo‚“
715 1258 785 1310 inquit,

29 1329 92 1381 „traco
107 1327 151 1368 fieri
166 1339 208 1368 non
223 1318 319 1380 possunt3
339 1327 368 1367 sic
383 1328 464 1380 spiritus
481 1329 583 1368 terrestris
599 1329 642 1368 sine
657 1328 731 1367 virtute
747 1332 784 1378 est,

28 1402 47 1438 et
57 1398 100 1438 siue
112 1398 189 1438 effectu.
217 1395 310 1448 ²Accipe
325 1409 378 1436 nunc
393 1397 491 1447 virtutem
509 1397 614 1437 desursum
629 1397 749 1447 venientem,
765 1397 786 1436 in

27 1466 64 1507 hac
79 1466 211 1507 similitudine.
243 1465 323 1513 Graudo
341 1458 440 1506 minimum
455 1479 539 1520 granum
556 1470 597 1516 cst3
619 1469 639 1506 et
657 1477 717 1517 quum
734 1464 786 1505 cadit

28 1549 89 1590 super
105 1541 164 1590 ceput
179 1537 277 1588 hominis,
299 1536 399 1588 quomodo
416 1536 497 1577 dotores
511 1536 618 1588 praestet?
649 1535 689 1576 Aut
707 1535 785 1587 iterum,

29 1677 60 1718 Sic
75 1677 136 1731 igitur
152 1677 237 1728 minima,
254 1689 305 1729 qnae
321 1675 427 1716 desursum
439 1675 511 1716 cadunt
523 1687 584 1729 snper
598 1680 678 1725 terram,
694 1686 786 1728 magnam

28 1745 101 1787 hebent
116 1747 214 1787 virtutem.
245 1745 341 1799 Adjunge
356 1749 376 1784 te
392 1747 442 1800 ergo
458 1745 504 1786 huic
517 1744 597 1786 habenti
611 1744 711 1795 virtutem,
728 1748 748 1783 et
761 1744 785 1784 ch

27 1816 61 1858 illo
76 1829 141 1859 vacuo
156 1815 251 1858 recede.“

314 1954 440 2007 Mandatum
459 1954 504 2007 Xlt.
563 1922 564 1925 Ἴ

27 2073 58 2113 De
75 2075 155 2126 duplici
171 2073 290 2124 cupiditate.
315 2072 357 2112 Dei
372 2072 471 2111 prandete
485 2083 529 2110 non
544 2082 588 2110 esse
602 2071 751 2122 impossibilia,
768 2078 788 2113 ct

174 2143 282 2184 eteoclem
297 2154 339 2182 neon
354 2141 484 2181 metuendum
498 2139 638 2180 credentibus.

57 2231 131 2292 33ntpce
146 2231 192 2278 ded
207 2233 247 2277 cori
262 2237 333 2276 πᾶσαν
348 2231 397 2276 ἐπι-
444 2234 457 2274 Ι,
479 2234 552 2274 Iterum
568 2233 617 2275 dixit
632 2233 689 2274 mihi:
706 2231 786 2286 ³„tolle

27 2303 108 2359 depici
128 2300 233 2362 πονηράν,
253 2301 340 2347 ἔνδυσαι
360 2299 397 2360 cip
415 2316 426 2344 a
442 2309 462 2345 te
479 2316 557 2345 omnem
572 2302 698 2356 cupiditatem
709 2303 785 2355 mntem,

27 2371 145 2429 ἐπιθυμίαν
155 2372 190 2432 erp
201 2371 284 2431 ἀγαθήν
297 2371 333 2414 καὶ
346 2386 397 2426 cep-
416 2378 435 2414 et
451 2373 511 2414 indue
528 2372 655 2426 cupiditatem
672 2372 744 2412 bonam
765 2377 786 2412 et

26 2442 67 2502 erp'n.
91 2441 236 2499 uvcetcpe'vog
249 2439 290 2502 peip
303 2439 339 2501 τήν
349 2442 397 2487 ἐπι·
415 2449 509 2485 Sanctam.
539 2442 621 2483 indutos
637 2442 689 2482 enim
706 2440 786 2495 cupidi-

51 2561 69 2605 1]
82 2562 148 2597 Eadem
154 2563 195 2596 vitia
204 2562 220 2595 in
227 2559 338 2595 mendacibus
344 2560 395 2594 ttion-
438 2560 457 2603 2)
470 2560 570 2603 Accipe:
583 2558 649 2601 aspice,
662 2558 749 2602 perspice.

26 2620 124 2655 tanistarum
153 2619 242 2664 Prophetis
272 2619 397 2663 redarguuntur
438 2617 457 2661 3)
470 2616 496 2649 Ex
514 2618 573 2650 neena
591 2617 613 2649 ed
628 2616 709 2650 *distinctu
727 2625 744 2650 u.
759 2614 786 2648 to.

28 2679 71 2723 opud
84 2680 189 2721 Eusebium,
204 2678 242 2711 hist.
256 2676 298 2711 ecci.
311 2676 331 2720 V,
345 2677 366 2710 16
380 2682 397 2710 et
416 2686 433 2720 p.
446 2675 485 2709 256.
630 2665 632 2668 ’

28 2735 56 2770 18.
76 2739 140 2771 Corne.

597 2789 646 2835 24“’”ζ
