<?xml version="1.0" encoding="UTF-8"?>
<!DOCTYPE html PUBLIC "-//W3C//DTD XHTML 1.0 Transitional//EN"
    "http://www.w3.org/TR/xhtml1/DTD/xhtml1-transitional.dtd">
<html xmlns="http://www.w3.org/1999/xhtml" xml:lang="en" lang="en">
 <head>
  <title>
</title>
<meta http-equiv="Content-Type" content="text/html;charset=utf-8" />
  <meta name='ocr-system' content='tesseract 3.04.00' />
  <meta name='ocr-capabilities' content='ocr_page ocr_carea ocr_par ocr_line ocrx_word'/>
</head>
<body>
  <div class='ocr_page' id='page_1' title='image "MN40298ucmf_0_0475.png"; bbox 0 0 1765 2987; ppageno 0'>
   <div class='ocr_carea' id='block_1_1' title="bbox 214 170 809 218">
    <p class='ocr_par' dir='ltr' id='par_1_1' title="bbox 214 170 809 218">
     <span class='ocr_line' id='line_1_1' title="bbox 214 170 809 218; baseline 0 -10"><span class='ocrx_word' id='word_1_1' title='bbox 214 170 307 208; x_wconf 76' lang='lat' dir='ltr'>naariae</span> <span class='ocrx_word' id='word_1_2' title='bbox 319 170 409 208; x_wconf 75' lang='lat' dir='ltr'>aaaron.</span> <span class='ocrx_word' id='word_1_3' title='bbox 434 172 499 209; x_wconf 78' lang='lat' dir='ltr'>niuea</span> <span class='ocrx_word' id='word_1_4' title='bbox 511 174 524 208; x_wconf 90' lang='lat' dir='ltr'>r.</span> <span class='ocrx_word' id='word_1_5' title='bbox 549 173 606 209; x_wconf 83' lang='lat' dir='ltr'>visio</span> <span class='ocrx_word' id='word_1_6' title='bbox 619 173 647 208; x_wconf 88' lang='lat' dir='ltr'>rv.</span> <span class='ocrx_word' id='word_1_7' title='bbox 767 176 809 218; x_wconf 76' lang='lat'>343</span> 
     </span>
    </p>
   </div>
   <div class='ocr_carea' id='block_1_2' title="bbox 43 283 810 1745">
    <p class='ocr_par' dir='ltr' id='par_1_2' title="bbox 52 283 810 551">
     <span class='ocr_line' id='line_1_2' title="bbox 53 283 810 338; baseline -0.004 -12"><span class='ocrx_word' id='word_1_8' title='bbox 53 284 141 336; x_wconf 83' lang='lat' dir='ltr'>ferebat,</span> <span class='ocrx_word' id='word_1_9' title='bbox 163 287 183 324; x_wconf 87' lang='lat' dir='ltr'>et</span> <span class='ocrx_word' id='word_1_10' title='bbox 202 283 223 324; x_wconf 89' lang='lat' dir='ltr'>in</span> <span class='ocrx_word' id='word_1_11' title='bbox 238 286 301 324; x_wconf 87' lang='lat' dir='ltr'>totum</span> <span class='ocrx_word' id='word_1_12' title='bbox 317 293 357 322; x_wconf 87' lang='lat' dir='ltr'>nori</span> <span class='ocrx_word' id='word_1_13' title='bbox 373 283 434 323; x_wconf 84' lang='lat' dir='ltr'>movit</span> <span class='ocrx_word' id='word_1_14' title='bbox 450 283 484 337; x_wconf 82' lang='lat' dir='ltr'>se,</span> <span class='ocrx_word' id='word_1_15' title='bbox 506 284 571 325; x_wconf 89' lang='lat' dir='ltr'>donec</span> <span class='ocrx_word' id='word_1_16' title='bbox 586 283 741 338; x_wconf 68' lang='lat' dir='ltr'>pertransissem</span> <span class='ocrx_word' id='word_1_17' title='bbox 757 283 810 324; x_wconf 88' lang='lat' dir='ltr'>illam</span> 
     </span>
     <span class='ocr_line' id='line_1_3' title="bbox 53 353 809 409; baseline -0.003 -13"><span class='ocrx_word' id='word_1_18' title='bbox 53 360 118 397; x_wconf 70' lang='lat' dir='ltr'>totam,</span> <span class='ocrx_word' id='word_1_19' title='bbox 148 354 238 396; x_wconf 79' lang='lat' dir='ltr'>Habebat</span> <span class='ocrx_word' id='word_1_20' title='bbox 254 358 318 395; x_wconf 91' lang='lat' dir='ltr'>autem</span> <span class='ocrx_word' id='word_1_21' title='bbox 335 353 398 394; x_wconf 87' lang='lat' dir='ltr'>bestia</span> <span class='ocrx_word' id='word_1_22' title='bbox 414 354 446 395; x_wconf 86' lang='lat' dir='ltr'>illa</span> <span class='ocrx_word' id='word_1_23' title='bbox 463 367 524 409; x_wconf 89' lang='lat' dir='ltr'>super</span> <span class='ocrx_word' id='word_1_24' title='bbox 540 360 598 409; x_wconf 90' lang='lat' dir='ltr'>caput</span> <span class='ocrx_word' id='word_1_25' title='bbox 614 355 694 396; x_wconf 89' lang='lat' dir='ltr'>colores</span> <span class='ocrx_word' id='word_1_26' title='bbox 710 359 809 408; x_wconf 83' lang='lat' dir='ltr'>quatuor:</span> 
     </span>
     <span class='ocr_line' id='line_1_4' title="bbox 53 423 808 480; baseline 0 -14"><span class='ocrx_word' id='word_1_27' title='bbox 53 426 138 479; x_wconf 80' lang='lat' dir='ltr'>nigrum,</span> <span class='ocrx_word' id='word_1_28' title='bbox 155 423 226 464; x_wconf 88' lang='lat' dir='ltr'>deinde</span> <span class='ocrx_word' id='word_1_29' title='bbox 241 423 326 465; x_wconf 85' lang='lat' dir='ltr'>rubeum</span> <span class='ocrx_word' id='word_1_30' title='bbox 342 428 362 464; x_wconf 90' lang='lat' dir='ltr'>et</span> <span class='ocrx_word' id='word_1_31' title='bbox 374 427 555 480; x_wconf 81' lang='lat' dir='ltr'>sanguinolentum,</span> <span class='ocrx_word' id='word_1_32' title='bbox 571 426 618 467; x_wconf 89' lang='lat' dir='ltr'>inde</span> <span class='ocrx_word' id='word_1_33' title='bbox 629 439 718 477; x_wconf 84' lang='lat' dir='ltr'>aureum,</span> <span class='ocrx_word' id='word_1_34' title='bbox 735 425 808 466; x_wconf 87' lang='lat' dir='ltr'>deinde</span> 
     </span>
     <span class='ocr_line' id='line_1_5' title="bbox 52 496 330 551; baseline -0.007 -14"><span class='ocrx_word' id='word_1_35' title='bbox 52 496 122 537; x_wconf 86' lang='lat' dir='ltr'>album.</span> <span class='ocrx_word' id='word_1_36' title='bbox 328 549 330 551; x_wconf 21' lang='grc' dir='ltr'>Ι</span> 
     </span>
    </p>

    <p class='ocr_par' dir='ltr' id='par_1_3' title="bbox 43 564 807 1745">
     <span class='ocr_line' id='line_1_6' title="bbox 109 564 807 622; baseline 0.003 -17"><span class='ocrx_word' id='word_1_37' title='bbox 109 564 131 605; x_wconf 89' lang='grc' dir='ltr'>Π,</span> <span class='ocrx_word' id='word_1_38' title='bbox 147 564 254 617; x_wconf 85' lang='lat' dir='ltr'>Postquam</span> <span class='ocrx_word' id='word_1_39' title='bbox 270 567 335 605; x_wconf 90' lang='lat' dir='ltr'>autem</span> <span class='ocrx_word' id='word_1_40' title='bbox 350 568 471 618; x_wconf 85' lang='lat' dir='ltr'>pertransiri</span> <span class='ocrx_word' id='word_1_41' title='bbox 486 568 544 620; x_wconf 84' lang='lat' dir='ltr'>illam,</span> <span class='ocrx_word' id='word_1_42' title='bbox 565 579 687 622; x_wconf 80' lang='lat' dir='ltr'>progressus</span> <span class='ocrx_word' id='word_1_43' title='bbox 703 579 746 608; x_wconf 87' lang='lat' dir='ltr'>som</span> <span class='ocrx_word' id='word_1_44' title='bbox 762 566 807 608; x_wconf 85' lang='lat' dir='ltr'>lere</span> 
     </span>
     <span class='ocr_line' id='line_1_7' title="bbox 50 635 807 691; baseline 0.003 -14"><span class='ocrx_word' id='word_1_45' title='bbox 50 636 113 691; x_wconf 84' lang='lat' dir='ltr'>pedes</span> <span class='ocrx_word' id='word_1_46' title='bbox 129 635 209 690; x_wconf 77' lang='lat' dir='ltr'>triginta</span> <span class='ocrx_word' id='word_1_47' title='bbox 214 648 220 684; x_wconf 81' lang='lat'>3</span> <span class='ocrx_word' id='word_1_48' title='bbox 238 638 256 675; x_wconf 87' lang='lat' dir='ltr'>et</span> <span class='ocrx_word' id='word_1_49' title='bbox 273 646 322 675; x_wconf 87' lang='lat' dir='ltr'>ecce</span> <span class='ocrx_word' id='word_1_50' title='bbox 338 638 425 677; x_wconf 86' lang='lat' dir='ltr'>occurrit</span> <span class='ocrx_word' id='word_1_51' title='bbox 440 638 487 678; x_wconf 87' lang='lat' dir='ltr'>mihi</span> <span class='ocrx_word' id='word_1_52' title='bbox 505 636 581 691; x_wconf 77' lang='lat' dir='ltr'>¹vtrg0</span> <span class='ocrx_word' id='word_1_53' title='bbox 594 635 691 691; x_wconf 80' lang='lat' dir='ltr'>quaedam</span> <span class='ocrx_word' id='word_1_54' title='bbox 703 642 807 689; x_wconf 80' lang='lat' dir='ltr'>exornata,</span> 
     </span>
     <span class='ocr_line' id='line_1_8' title="bbox 50 704 807 759; baseline 0.001 -12"><span class='ocrx_word' id='word_1_55' title='bbox 50 711 148 759; x_wconf 88' lang='lat' dir='ltr'>tamquam</span> <span class='ocrx_word' id='word_1_56' title='bbox 165 705 190 745; x_wconf 86' lang='lat' dir='ltr'>de</span> <span class='ocrx_word' id='word_1_57' title='bbox 206 704 292 745; x_wconf 78' lang='lat' dir='ltr'>thalamo</span> <span class='ocrx_word' id='word_1_58' title='bbox 303 706 405 759; x_wconf 78' lang='lat' dir='ltr'>prodiens,</span> <span class='ocrx_word' id='word_1_59' title='bbox 421 711 462 748; x_wconf 86' lang='lat' dir='ltr'>tota</span> <span class='ocrx_word' id='word_1_60' title='bbox 473 709 493 748; x_wconf 90' lang='lat' dir='ltr'>in</span> <span class='ocrx_word' id='word_1_61' title='bbox 504 708 560 758; x_wconf 74' lang='lat' dir='ltr'>alliis,</span> <span class='ocrx_word' id='word_1_62' title='bbox 577 711 597 747; x_wconf 92' lang='lat' dir='ltr'>et</span> <span class='ocrx_word' id='word_1_63' title='bbox 608 707 747 747; x_wconf 63' lang='lat' dir='ltr'>calceamentis</span> <span class='ocrx_word' id='word_1_64' title='bbox 758 708 807 748; x_wconf 82' lang='lat' dir='ltr'>alliis</span> 
     </span>
     <span class='ocr_line' id='line_1_9' title="bbox 49 776 806 830; baseline -0.001 -12"><span class='ocrx_word' id='word_1_65' title='bbox 49 777 181 829; x_wconf 84' lang='lat' dir='ltr'>circumdata,</span> <span class='ocrx_word' id='word_1_66' title='bbox 191 780 218 821; x_wconf 61' lang='lat' dir='ltr'>,et</span> <span class='ocrx_word' id='word_1_67' title='bbox 233 788 298 829; x_wconf 84' lang='lat' dir='ltr'>usque</span> <span class='ocrx_word' id='word_1_68' title='bbox 314 776 338 816; x_wconf 88' lang='lat' dir='ltr'>ad</span> <span class='ocrx_word' id='word_1_69' title='bbox 355 777 425 818; x_wconf 87' lang='lat' dir='ltr'>faciem</span> <span class='ocrx_word' id='word_1_70' title='bbox 442 778 517 818; x_wconf 93' lang='lat' dir='ltr'>mitram</span> <span class='ocrx_word' id='word_1_71' title='bbox 533 777 609 817; x_wconf 88' lang='lat' dir='ltr'>hahens</span> <span class='ocrx_word' id='word_1_72' title='bbox 615 790 621 826; x_wconf 82' lang='lat'>3</span> <span class='ocrx_word' id='word_1_73' title='bbox 637 789 674 830; x_wconf 92' lang='lat' dir='ltr'>pro</span> <span class='ocrx_word' id='word_1_74' title='bbox 690 780 806 830; x_wconf 80' lang='lat' dir='ltr'>tegumento</span> 
     </span>
     <span class='ocr_line' id='line_1_10' title="bbox 49 846 807 902; baseline -0.003 -13"><span class='ocrx_word' id='word_1_75' title='bbox 49 852 114 889; x_wconf 89' lang='lat' dir='ltr'>autem</span> <span class='ocrx_word' id='word_1_76' title='bbox 130 847 216 888; x_wconf 86' lang='lat' dir='ltr'>habebat</span> <span class='ocrx_word' id='word_1_77' title='bbox 232 847 313 900; x_wconf 73' lang='lat' dir='ltr'>capillos</span> <span class='ocrx_word' id='word_1_78' title='bbox 329 848 410 888; x_wconf 88' lang='lat' dir='ltr'>nitidos.</span> <span class='ocrx_word' id='word_1_79' title='bbox 435 848 526 902; x_wconf 78' lang='lat' dir='ltr'>Cognovi</span> <span class='ocrx_word' id='word_1_80' title='bbox 537 859 587 901; x_wconf 83' lang='lat' dir='ltr'>ergo</span> <span class='ocrx_word' id='word_1_81' title='bbox 599 859 609 887; x_wconf 91' lang='lat' dir='ltr'>a</span> <span class='ocrx_word' id='word_1_82' title='bbox 621 846 708 900; x_wconf 89' lang='lat' dir='ltr'>pristinis</span> <span class='ocrx_word' id='word_1_83' title='bbox 720 846 807 887; x_wconf 90' lang='lat' dir='ltr'>visioni-</span> 
     </span>
     <span class='ocr_line' id='line_1_11' title="bbox 47 916 806 971; baseline -0.003 -12"><span class='ocrx_word' id='word_1_84' title='bbox 47 919 92 969; x_wconf 64' lang='lat' dir='ltr'>bus</span> <span class='ocrx_word' id='word_1_85' title='bbox 105 917 199 971; x_wconf 89' lang='lat' dir='ltr'>quoniam</span> <span class='ocrx_word' id='word_1_86' title='bbox 211 916 296 958; x_wconf 87' lang='lat' dir='ltr'>eeclesia</span> <span class='ocrx_word' id='word_1_87' title='bbox 309 921 339 958; x_wconf 86' lang='lat' dir='ltr'>est</span> <span class='ocrx_word' id='word_1_88' title='bbox 345 931 352 968; x_wconf 78' lang='lat'><em>3</em></span> <span class='ocrx_word' id='word_1_89' title='bbox 369 922 389 958; x_wconf 88' lang='lat' dir='ltr'>et</span> <span class='ocrx_word' id='word_1_90' title='bbox 399 918 482 960; x_wconf 83' lang='lat' dir='ltr'>hilarior</span> <span class='ocrx_word' id='word_1_91' title='bbox 493 918 557 959; x_wconf 84' lang='lat' dir='ltr'>sactus</span> <span class='ocrx_word' id='word_1_92' title='bbox 568 930 617 959; x_wconf 89' lang='lat' dir='ltr'>sum.</span> <span class='ocrx_word' id='word_1_93' title='bbox 634 917 729 960; x_wconf 86' lang='lat' dir='ltr'>Salutarit</span> <span class='ocrx_word' id='word_1_94' title='bbox 740 921 806 958; x_wconf 87' lang='lat' dir='ltr'>autem</span> 
     </span>
     <span class='ocr_line' id='line_1_12' title="bbox 48 987 805 1040; baseline -0.003 -11"><span class='ocrx_word' id='word_1_95' title='bbox 48 1000 79 1029; x_wconf 90' lang='lat' dir='ltr'>me</span> <span class='ocrx_word' id='word_1_96' title='bbox 95 988 176 1029; x_wconf 89' lang='lat' dir='ltr'>dicens:</span> <span class='ocrx_word' id='word_1_97' title='bbox 193 1000 244 1040; x_wconf 73' lang='lat' dir='ltr'>„ave</span> <span class='ocrx_word' id='word_1_98' title='bbox 259 992 286 1040; x_wconf 78' lang='lat' dir='ltr'>ta,</span> <span class='ocrx_word' id='word_1_99' title='bbox 303 987 384 1029; x_wconf 79' lang='lat' dir='ltr'>homo.“</span> <span class='ocrx_word' id='word_1_100' title='bbox 418 990 442 1030; x_wconf 89' lang='lat' dir='ltr'>Et</span> <span class='ocrx_word' id='word_1_101' title='bbox 458 989 511 1030; x_wconf 87' lang='lat' dir='ltr'>illam</span> <span class='ocrx_word' id='word_1_102' title='bbox 526 988 636 1040; x_wconf 81' lang='lat' dir='ltr'>resalutari</span> <span class='ocrx_word' id='word_1_103' title='bbox 652 988 733 1028; x_wconf 88' lang='lat' dir='ltr'>dicens:</span> <span class='ocrx_word' id='word_1_104' title='bbox 751 987 805 1040; x_wconf 82' lang='lat' dir='ltr'>„do-</span> 
     </span>
     <span class='ocr_line' id='line_1_13' title="bbox 47 1057 804 1112; baseline -0.001 -14"><span class='ocrx_word' id='word_1_105' title='bbox 47 1059 110 1110; x_wconf 79' lang='lat' dir='ltr'>mina,</span> <span class='ocrx_word' id='word_1_106' title='bbox 127 1057 184 1098; x_wconf 79' lang='lat' dir='ltr'>ave.“</span> <span class='ocrx_word' id='word_1_107' title='bbox 215 1057 347 1112; x_wconf 81' lang='lat' dir='ltr'>Respondeas</span> <span class='ocrx_word' id='word_1_108' title='bbox 364 1064 429 1100; x_wconf 88' lang='lat' dir='ltr'>autem</span> <span class='ocrx_word' id='word_1_109' title='bbox 446 1058 495 1099; x_wconf 83' lang='lat' dir='ltr'>dixit</span> <span class='ocrx_word' id='word_1_110' title='bbox 510 1058 566 1099; x_wconf 83' lang='lat' dir='ltr'>mihi:</span> <span class='ocrx_word' id='word_1_111' title='bbox 584 1058 644 1110; x_wconf 80' lang='lat' dir='ltr'>„nitrd</span> <span class='ocrx_word' id='word_1_112' title='bbox 660 1058 694 1098; x_wconf 85' lang='lat' dir='ltr'>tilii</span> <span class='ocrx_word' id='word_1_113' title='bbox 710 1057 804 1109; x_wconf 83' lang='lat' dir='ltr'>occurrit,</span> 
     </span>
     <span class='ocr_line' id='line_1_14' title="bbox 47 1127 804 1182; baseline -0.003 -13"><span class='ocrx_word' id='word_1_114' title='bbox 47 1127 138 1182; x_wconf 54' lang='lat' dir='ltr'>Hoan</span> <span class='ocrx_word' id='word_1_115' title='bbox 155 1128 205 1169; x_wconf 89' lang='lat' dir='ltr'>Dico</span> <span class='ocrx_word' id='word_1_116' title='bbox 217 1128 247 1168; x_wconf 89' lang='lat' dir='ltr'>ei:</span> <span class='ocrx_word' id='word_1_117' title='bbox 265 1127 363 1181; x_wconf 68' lang='lat' dir='ltr'>„domina</span> <span class='ocrx_word' id='word_1_118' title='bbox 380 1129 467 1170; x_wconf 88' lang='lat' dir='ltr'>occurrit</span> <span class='ocrx_word' id='word_1_119' title='bbox 478 1129 525 1169; x_wconf 86' lang='lat' dir='ltr'>milri</span> <span class='ocrx_word' id='word_1_120' title='bbox 535 1129 579 1169; x_wconf 90' lang='lat' dir='ltr'>talis</span> <span class='ocrx_word' id='word_1_121' title='bbox 590 1128 660 1180; x_wconf 74' lang='lat' dir='ltr'>hestia,</span> <span class='ocrx_word' id='word_1_122' title='bbox 678 1140 729 1181; x_wconf 85' lang='lat' dir='ltr'>qnae</span> <span class='ocrx_word' id='word_1_123' title='bbox 740 1128 804 1181; x_wconf 91' lang='lat' dir='ltr'>possit</span> 
     </span>
     <span class='ocr_line' id='line_1_15' title="bbox 46 1198 804 1253; baseline -0.001 -14"><span class='ocrx_word' id='word_1_124' title='bbox 46 1198 141 1253; x_wconf 87' lang='lat' dir='ltr'>populum</span> <span class='ocrx_word' id='word_1_125' title='bbox 153 1210 284 1248; x_wconf 82' lang='lat' dir='ltr'>consumere;</span> <span class='ocrx_word' id='word_1_126' title='bbox 296 1198 331 1239; x_wconf 86' lang='lat' dir='ltr'>sed</span> <span class='ocrx_word' id='word_1_127' title='bbox 344 1200 417 1239; x_wconf 87' lang='lat' dir='ltr'>virtute</span> <span class='ocrx_word' id='word_1_128' title='bbox 426 1199 463 1239; x_wconf 86' lang='lat' dir='ltr'>Dei</span> <span class='ocrx_word' id='word_1_129' title='bbox 474 1203 493 1239; x_wconf 90' lang='lat' dir='ltr'>et</span> <span class='ocrx_word' id='word_1_130' title='bbox 503 1199 600 1253; x_wconf 80' lang='lat' dir='ltr'>singulari</span> <span class='ocrx_word' id='word_1_131' title='bbox 611 1200 655 1252; x_wconf 84' lang='lat' dir='ltr'>ejus</span> <span class='ocrx_word' id='word_1_132' title='bbox 666 1198 804 1239; x_wconf 77' lang='lat' dir='ltr'>misericordia</span> 
     </span>
     <span class='ocr_line' id='line_1_16' title="bbox 46 1264 803 1323; baseline -0.003 -13"><span class='ocrx_word' id='word_1_133' title='bbox 46 1264 101 1310; x_wconf 66' lang='lat' dir='ltr'>et&#39;asi</span> <span class='ocrx_word' id='word_1_134' title='bbox 117 1268 190 1309; x_wconf 81' lang='lat' dir='ltr'>illam.“</span> <span class='ocrx_word' id='word_1_135' title='bbox 223 1268 290 1321; x_wconf 84' lang='lat' dir='ltr'>„Bene</span> <span class='ocrx_word' id='word_1_136' title='bbox 307 1269 414 1322; x_wconf 73' lang='lat' dir='ltr'>effugisti,“</span> <span class='ocrx_word' id='word_1_137' title='bbox 430 1269 499 1323; x_wconf 70' lang='lat' dir='ltr'>inquit,</span> <span class='ocrx_word' id='word_1_138' title='bbox 519 1269 626 1322; x_wconf 74' lang='lat' dir='ltr'>„quoniam</span> <span class='ocrx_word' id='word_1_139' title='bbox 641 1267 768 1309; x_wconf 78' lang='lat' dir='ltr'>solitudinem</span> <span class='ocrx_word' id='word_1_140' title='bbox 784 1272 803 1309; x_wconf 89' lang='lat' dir='ltr'>et</span> 
     </span>
     <span class='ocr_line' id='line_1_17' title="bbox 46 1337 802 1394; baseline -0.003 -14"><span class='ocrx_word' id='word_1_141' title='bbox 46 1337 216 1380; x_wconf 83' lang='lat' dir='ltr'>²sollioitudinem</span> <span class='ocrx_word' id='word_1_142' title='bbox 227 1343 279 1379; x_wconf 88' lang='lat' dir='ltr'>tuam</span> <span class='ocrx_word' id='word_1_143' title='bbox 291 1339 315 1379; x_wconf 92' lang='lat' dir='ltr'>ad</span> <span class='ocrx_word' id='word_1_144' title='bbox 327 1338 430 1381; x_wconf 87' lang='lat' dir='ltr'>Dominum</span> <span class='ocrx_word' id='word_1_145' title='bbox 443 1340 552 1394; x_wconf 77' lang='lat' dir='ltr'>projecisti,</span> <span class='ocrx_word' id='word_1_146' title='bbox 564 1344 584 1380; x_wconf 88' lang='lat' dir='ltr'>et</span> <span class='ocrx_word' id='word_1_147' title='bbox 595 1350 630 1380; x_wconf 87' lang='lat' dir='ltr'>cor</span> <span class='ocrx_word' id='word_1_148' title='bbox 641 1343 694 1379; x_wconf 90' lang='lat' dir='ltr'>tuum</span> <span class='ocrx_word' id='word_1_149' title='bbox 706 1338 802 1392; x_wconf 88' lang='lat' dir='ltr'>aperuisti</span> 
     </span>
     <span class='ocr_line' id='line_1_18' title="bbox 45 1407 801 1464; baseline 0.001 -15"><span class='ocrx_word' id='word_1_150' title='bbox 45 1409 70 1450; x_wconf 90' lang='lat' dir='ltr'>ad</span> <span class='ocrx_word' id='word_1_151' title='bbox 86 1421 138 1462; x_wconf 85' lang='lat' dir='ltr'>enar,</span> <span class='ocrx_word' id='word_1_152' title='bbox 155 1409 247 1461; x_wconf 83' lang='lat' dir='ltr'>credens,</span> <span class='ocrx_word' id='word_1_153' title='bbox 267 1407 339 1463; x_wconf 81' lang='lat' dir='ltr'>³quod</span> <span class='ocrx_word' id='word_1_154' title='bbox 355 1423 392 1464; x_wconf 92' lang='lat' dir='ltr'>per</span> <span class='ocrx_word' id='word_1_155' title='bbox 407 1411 482 1452; x_wconf 88' lang='lat' dir='ltr'>nullom</span> <span class='ocrx_word' id='word_1_156' title='bbox 499 1411 557 1451; x_wconf 89' lang='lat' dir='ltr'>alium</span> <span class='ocrx_word' id='word_1_157' title='bbox 572 1411 648 1464; x_wconf 88' lang='lat' dir='ltr'>poteris</span> <span class='ocrx_word' id='word_1_158' title='bbox 664 1410 731 1450; x_wconf 88' lang='lat' dir='ltr'>salvus</span> <span class='ocrx_word' id='word_1_159' title='bbox 748 1422 801 1461; x_wconf 77' lang='lat' dir='ltr'>esse,</span> 
     </span>
     <span class='ocr_line' id='line_1_19' title="bbox 44 1479 803 1535; baseline -0.001 -15"><span class='ocrx_word' id='word_1_160' title='bbox 44 1479 83 1520; x_wconf 86' lang='lat' dir='ltr'>uisi</span> <span class='ocrx_word' id='word_1_161' title='bbox 98 1493 135 1533; x_wconf 92' lang='lat' dir='ltr'>per</span> <span class='ocrx_word' id='word_1_162' title='bbox 151 1492 243 1535; x_wconf 77' lang='lat' dir='ltr'>magnum</span> <span class='ocrx_word' id='word_1_163' title='bbox 259 1484 279 1520; x_wconf 90' lang='lat' dir='ltr'>et</span> <span class='ocrx_word' id='word_1_164' title='bbox 294 1481 427 1523; x_wconf 82' lang='lat' dir='ltr'>honorificum</span> <span class='ocrx_word' id='word_1_165' title='bbox 443 1493 517 1522; x_wconf 86' lang='lat' dir='ltr'>nomen</span> <span class='ocrx_word' id='word_1_166' title='bbox 534 1482 583 1535; x_wconf 83' lang='lat' dir='ltr'>ejas.</span> <span class='ocrx_word' id='word_1_167' title='bbox 604 1480 688 1533; x_wconf 85' lang='lat' dir='ltr'>Propter</span> <span class='ocrx_word' id='word_1_168' title='bbox 701 1480 740 1521; x_wconf 89' lang='lat' dir='ltr'>lroc</span> <span class='ocrx_word' id='word_1_169' title='bbox 751 1480 803 1520; x_wconf 88' lang='lat' dir='ltr'>misit</span> 
     </span>
     <span class='ocr_line' id='line_1_20' title="bbox 44 1548 803 1606; baseline 0 -16"><span class='ocrx_word' id='word_1_170' title='bbox 44 1548 141 1590; x_wconf 89' lang='lat' dir='ltr'>Dominus</span> <span class='ocrx_word' id='word_1_171' title='bbox 157 1551 249 1604; x_wconf 78' lang='lat' dir='ltr'>angelum</span> <span class='ocrx_word' id='word_1_172' title='bbox 265 1562 334 1604; x_wconf 74' lang='lat' dir='ltr'>sunm,</span> <span class='ocrx_word' id='word_1_173' title='bbox 356 1552 389 1605; x_wconf 84' lang='lat' dir='ltr'>qui</span> <span class='ocrx_word' id='word_1_174' title='bbox 406 1557 436 1592; x_wconf 89' lang='lat' dir='ltr'>est</span> <span class='ocrx_word' id='word_1_175' title='bbox 452 1564 513 1606; x_wconf 89' lang='lat' dir='ltr'>super</span> <span class='ocrx_word' id='word_1_176' title='bbox 528 1552 613 1603; x_wconf 79' lang='lat' dir='ltr'>bestias⁷</span> <span class='ocrx_word' id='word_1_177' title='bbox 636 1551 668 1591; x_wconf 87' lang='lat' dir='ltr'>oui</span> <span class='ocrx_word' id='word_1_178' title='bbox 683 1562 757 1591; x_wconf 85' lang='lat' dir='ltr'>nomen</span> <span class='ocrx_word' id='word_1_179' title='bbox 773 1554 803 1591; x_wconf 85' lang='lat' dir='ltr'>est</span> 
     </span>
     <span class='ocr_line' id='line_1_21' title="bbox 44 1618 802 1676; baseline 0 -15"><span class='ocrx_word' id='word_1_180' title='bbox 44 1618 145 1675; x_wconf 57' lang='grc' dir='ltr'>4Ηθςῐῑη,</span> <span class='ocrx_word' id='word_1_181' title='bbox 162 1625 181 1661; x_wconf 89' lang='lat' dir='ltr'>et</span> <span class='ocrx_word' id='word_1_182' title='bbox 198 1621 298 1662; x_wconf 85' lang='lat' dir='ltr'>obturavit</span> <span class='ocrx_word' id='word_1_183' title='bbox 313 1633 336 1663; x_wconf 88' lang='lat' dir='ltr'>os</span> <span class='ocrx_word' id='word_1_184' title='bbox 353 1623 403 1676; x_wconf 73' lang='lat' dir='ltr'>ejus,</span> <span class='ocrx_word' id='word_1_185' title='bbox 421 1635 446 1662; x_wconf 92' lang='lat' dir='ltr'>ne</span> <span class='ocrx_word' id='word_1_186' title='bbox 464 1626 482 1662; x_wconf 83' lang='lat' dir='ltr'>te</span> <span class='ocrx_word' id='word_1_187' title='bbox 499 1621 608 1662; x_wconf 86' lang='lat' dir='ltr'>dilaniaret.</span> <span class='ocrx_word' id='word_1_188' title='bbox 631 1621 722 1675; x_wconf 76' lang='lat' dir='ltr'>llagnam</span> <span class='ocrx_word' id='word_1_189' title='bbox 737 1621 802 1661; x_wconf 87' lang='lat' dir='ltr'>tribu-</span> 
     </span>
     <span class='ocr_line' id='line_1_22' title="bbox 43 1689 802 1745; baseline 0.001 -15"><span class='ocrx_word' id='word_1_190' title='bbox 43 1689 136 1731; x_wconf 89' lang='lat' dir='ltr'>lationem</span> <span class='ocrx_word' id='word_1_191' title='bbox 152 1691 239 1745; x_wconf 76' lang='lat' dir='ltr'>effugisti</span> <span class='ocrx_word' id='word_1_192' title='bbox 254 1697 337 1745; x_wconf 88' lang='lat' dir='ltr'>propter</span> <span class='ocrx_word' id='word_1_193' title='bbox 352 1692 411 1733; x_wconf 84' lang='lat' dir='ltr'>fidem</span> <span class='ocrx_word' id='word_1_194' title='bbox 427 1697 486 1744; x_wconf 82' lang='lat' dir='ltr'>tuam,</span> <span class='ocrx_word' id='word_1_195' title='bbox 503 1692 570 1745; x_wconf 82' lang='lat' dir='ltr'>etqui</span> <span class='ocrx_word' id='word_1_196' title='bbox 586 1691 645 1732; x_wconf 85' lang='lat' dir='ltr'>talem</span> <span class='ocrx_word' id='word_1_197' title='bbox 661 1691 745 1732; x_wconf 87' lang='lat' dir='ltr'>bestiam</span> <span class='ocrx_word' id='word_1_198' title='bbox 761 1703 802 1731; x_wconf 88' lang='lat' dir='ltr'>aon</span> 
     </span>
    </p>
   </div>
   <div class='ocr_carea' id='block_1_3' title="bbox 66 1792 801 1851">
    <p class='ocr_par' dir='ltr' id='par_1_4' title="bbox 66 1792 801 1851">
     <span class='ocr_line' id='line_1_23' title="bbox 66 1792 801 1851; baseline 0.003 -25"><span class='ocrx_word' id='word_1_199' title='bbox 66 1794 84 1834; x_wconf 82' lang='lat'>1)</span> <span class='ocrx_word' id='word_1_200' title='bbox 98 1792 132 1827; x_wconf 80' lang='lat' dir='ltr'>cfr.</span> <span class='ocrx_word' id='word_1_201' title='bbox 144 1793 199 1838; x_wconf 82' lang='lat' dir='ltr'>Apoc.</span> <span class='ocrx_word' id='word_1_202' title='bbox 209 1794 257 1837; x_wconf 82' lang='lat'>21‚2</span> <span class='ocrx_word' id='word_1_203' title='bbox 270 1799 287 1827; x_wconf 84' lang='lat' dir='ltr'>et</span> <span class='ocrx_word' id='word_1_204' title='bbox 300 1797 412 1838; x_wconf 71' lang='lat' dir='ltr'>ductamina,</span> <span class='ocrx_word' id='word_1_205' title='bbox 431 1798 486 1842; x_wconf 73' lang='lat' dir='ltr'>rripit,</span> <span class='ocrx_word' id='word_1_206' title='bbox 505 1804 554 1851; x_wconf 54' lang='lat' dir='ltr'>pp„</span> <span class='ocrx_word' id='word_1_207' title='bbox 573 1806 606 1840; x_wconf 90' lang='lat' dir='ltr'>quo</span> <span class='ocrx_word' id='word_1_208' title='bbox 624 1796 693 1829; x_wconf 87' lang='lat' dir='ltr'>nomine</span> <span class='ocrx_word' id='word_1_209' title='bbox 706 1795 751 1839; x_wconf 90' lang='lat' dir='ltr'>apud</span> <span class='ocrx_word' id='word_1_210' title='bbox 764 1794 801 1828; x_wconf 90' lang='lat' dir='ltr'>Da·</span> 
     </span>
    </p>
   </div>
   <div class='ocr_carea' id='block_1_4' title="bbox 40 1852 802 2800">
    <p class='ocr_par' dir='ltr' id='par_1_5' title="bbox 42 1852 801 2098">
     <span class='ocr_line' id='line_1_24' title="bbox 42 1852 801 1927; baseline -0.001 -16"><span class='ocrx_word' id='word_1_211' title='bbox 42 1852 53 1888; x_wconf 65' lang='lat' dir='ltr'>l&#39;</span> <span class='ocrx_word' id='word_1_212' title='bbox 67 1863 81 1886; x_wconf 58' lang='grc' dir='ltr'>θ’</span> <span class='ocrx_word' id='word_1_213' title='bbox 95 1864 112 1897; x_wconf 75' lang='lat' dir='ltr'>p&#39;</span> <span class='ocrx_word' id='word_1_214' title='bbox 126 1852 153 1887; x_wconf 58' lang='grc' dir='ltr'>Μ’</span> <span class='ocrx_word' id='word_1_215' title='bbox 221 1917 229 1924; x_wconf 80' lang='lat'><em>.</em></span> <span class='ocrx_word' id='word_1_216' title='bbox 251 1920 261 1927; x_wconf 30' lang='grc' dir='ltr'><strong>η</strong></span> <span class='ocrx_word' id='word_1_217' title='bbox 431 1878 494 1911; x_wconf 88' lang='lat' dir='ltr'>nielem</span> <span class='ocrx_word' id='word_1_218' title='bbox 506 1879 529 1920; x_wconf 75' lang='lat'>4,</span> <span class='ocrx_word' id='word_1_219' title='bbox 544 1877 566 1910; x_wconf 81' lang='grc'>10</span> <span class='ocrx_word' id='word_1_220' title='bbox 578 1883 595 1911; x_wconf 89' lang='lat' dir='ltr'>et</span> <span class='ocrx_word' id='word_1_221' title='bbox 608 1877 630 1910; x_wconf 81' lang='lat'>20</span> <span class='ocrx_word' id='word_1_222' title='bbox 646 1877 717 1923; x_wconf 83' lang='lat' dir='ltr'>angelus</span> <span class='ocrx_word' id='word_1_223' title='bbox 734 1877 801 1923; x_wconf 83' lang='lat' dir='ltr'>signill-</span> 
     </span>
     <span class='ocr_line' id='line_1_25' title="bbox 65 1916 801 1980; baseline -0.001 -11"><span class='ocrx_word' id='word_1_224' title='bbox 65 1917 84 1959; x_wconf 63' lang='grc'>2)</span> <span class='ocrx_word' id='word_1_225' title='bbox 98 1916 132 1950; x_wconf 61' lang='lat' dir='ltr'>Cfr‘</span> <span class='ocrx_word' id='word_1_226' title='bbox 146 1916 207 1952; x_wconf 62' lang='lat' dir='ltr'>IPffl&#39;</span> <span class='ocrx_word' id='word_1_227' title='bbox 220 1926 237 1959; x_wconf 49' lang='grc' dir='ltr'>θ’</span> <span class='ocrx_word' id='word_1_228' title='bbox 251 1927 267 1951; x_wconf 43' lang='grc' dir='ltr'>Ὺ·</span> <span class='ocrx_word' id='word_1_229' title='bbox 432 1942 489 1978; x_wconf 78' lang='lat' dir='ltr'>eatur3</span> <span class='ocrx_word' id='word_1_230' title='bbox 503 1946 534 1980; x_wconf 85' lang='lat' dir='ltr'>pro</span> <span class='ocrx_word' id='word_1_231' title='bbox 547 1948 593 1979; x_wconf 68' lang='lat' dir='ltr'>ayppy</span> <span class='ocrx_word' id='word_1_232' title='bbox 606 1941 662 1969; x_wconf 82' lang='lat' dir='ltr'>antem</span> <span class='ocrx_word' id='word_1_233' title='bbox 675 1937 755 1979; x_wconf 86' lang='lat' dir='ltr'>scriptum</span> <span class='ocrx_word' id='word_1_234' title='bbox 770 1946 801 1968; x_wconf 85' lang='lat' dir='ltr'>seu</span> 
     </span>
     <span class='ocr_line' id='line_1_26' title="bbox 66 1980 801 2038; baseline 0.001 -14"><span class='ocrx_word' id='word_1_235' title='bbox 66 1981 84 2024; x_wconf 80' lang='grc'>3)</span> <span class='ocrx_word' id='word_1_236' title='bbox 98 1980 132 2015; x_wconf 71' lang='lat' dir='ltr'>Csl·</span> <span class='ocrx_word' id='word_1_237' title='bbox 145 1981 183 2015; x_wconf 59' lang='grc' dir='ltr'>Ᾱθῑ·</span> <span class='ocrx_word' id='word_1_238' title='bbox 196 1982 213 2025; x_wconf 76' lang='lat'>4,</span> <span class='ocrx_word' id='word_1_239' title='bbox 228 1982 254 2016; x_wconf 63' lang='lat'>12·</span> <span class='ocrx_word' id='word_1_240' title='bbox 432 1994 493 2027; x_wconf 88' lang='lat' dir='ltr'>lectum</span> <span class='ocrx_word' id='word_1_241' title='bbox 507 1994 558 2027; x_wconf 83' lang='lat' dir='ltr'>luisse</span> <span class='ocrx_word' id='word_1_242' title='bbox 571 2005 621 2038; x_wconf 67' lang='lat' dir='ltr'>appar.</span> <span class='ocrx_word' id='word_1_243' title='bbox 637 1994 656 2038; x_wconf 79' lang='lat'>2]</span> <span class='ocrx_word' id='word_1_244' title='bbox 665 1992 746 2027; x_wconf 82' lang='lat' dir='ltr'>Fortasse</span> <span class='ocrx_word' id='word_1_245' title='bbox 754 1992 801 2026; x_wconf 86' lang='lat' dir='ltr'>Her-</span> 
     </span>
     <span class='ocr_line' id='line_1_27' title="bbox 65 2051 801 2098; baseline -0.004 -13"><span class='ocrx_word' id='word_1_246' title='bbox 65 2052 85 2093; x_wconf 79' lang='lat' dir='ltr'>d)</span> <span class='ocrx_word' id='word_1_247' title='bbox 98 2052 220 2098; x_wconf 77' lang='lat' dir='ltr'>Hieronymus</span> <span class='ocrx_word' id='word_1_248' title='bbox 240 2054 258 2086; x_wconf 91' lang='lat' dir='ltr'>iu</span> <span class='ocrx_word' id='word_1_249' title='bbox 275 2052 369 2086; x_wconf 81' lang='lat' dir='ltr'>Commeat.</span> <span class='ocrx_word' id='word_1_250' title='bbox 391 2054 412 2087; x_wconf 91' lang='lat' dir='ltr'>ad</span> <span class='ocrx_word' id='word_1_251' title='bbox 432 2063 475 2086; x_wconf 88' lang='lat' dir='ltr'>mam</span> <span class='ocrx_word' id='word_1_252' title='bbox 485 2053 517 2086; x_wconf 90' lang='lat' dir='ltr'>hoc</span> <span class='ocrx_word' id='word_1_253' title='bbox 526 2053 562 2086; x_wconf 88' lang='lat' dir='ltr'>lere</span> <span class='ocrx_word' id='word_1_254' title='bbox 571 2052 622 2086; x_wconf 89' lang='lat' dir='ltr'>modo</span> <span class='ocrx_word' id='word_1_255' title='bbox 631 2052 723 2096; x_wconf 84' lang='lat' dir='ltr'>scripisse:</span> <span class='ocrx_word' id='word_1_256' title='bbox 736 2051 801 2095; x_wconf 70' lang='grc' dir='ltr'><em>ἔπεμψε</em></span> 
     </span>
    </p>

    <p class='ocr_par' dir='ltr' id='par_1_6' title="bbox 40 2104 802 2800">
     <span class='ocr_line' id='line_1_28' title="bbox 41 2104 802 2154; baseline -0.008 -9"><span class='ocrx_word' id='word_1_257' title='bbox 41 2110 102 2153; x_wconf 75' lang='lat' dir='ltr'>proplt-</span> <span class='ocrx_word' id='word_1_258' title='bbox 114 2108 179 2143; x_wconf 70' lang='lat' dir='ltr'>H&#39;rlbac·</span> <span class='ocrx_word' id='word_1_259' title='bbox 194 2109 210 2153; x_wconf 62' lang='grc' dir='ltr'>Ἰ,</span> <span class='ocrx_word' id='word_1_260' title='bbox 224 2111 246 2145; x_wconf 76' lang='grc'>14</span> <span class='ocrx_word' id='word_1_261' title='bbox 262 2111 336 2144; x_wconf 85' lang='lat' dir='ltr'>Hermae</span> <span class='ocrx_word' id='word_1_262' title='bbox 352 2110 412 2144; x_wconf 81' lang='lat' dir='ltr'>librum</span> <span class='ocrx_word' id='word_1_263' title='bbox 430 2108 481 2152; x_wconf 63' lang='grc' dir='ltr'>κύριος</span> <span class='ocrx_word' id='word_1_264' title='bbox 502 2104 569 2154; x_wconf 65' lang='lat' dir='ltr'>dppaioa</span> <span class='ocrx_word' id='word_1_265' title='bbox 590 2106 648 2152; x_wconf 74' lang='lat' dir='ltr'>adrat,</span> <span class='ocrx_word' id='word_1_266' title='bbox 675 2107 692 2147; x_wconf 68' lang='grc' dir='ltr'>ὃς</span> <span class='ocrx_word' id='word_1_267' title='bbox 711 2108 753 2140; x_wconf 71' lang='lat' dir='ltr'>iuria</span> <span class='ocrx_word' id='word_1_268' title='bbox 774 2107 802 2140; x_wconf 63' lang='lat' dir='ltr'>int</span> 
     </span>
     <span class='ocr_line' id='line_1_29' title="bbox 41 2160 801 2213; baseline 0.001 -12"><span class='ocrx_word' id='word_1_269' title='bbox 41 2168 122 2202; x_wconf 87' lang='lat' dir='ltr'>stultitiae</span> <span class='ocrx_word' id='word_1_270' title='bbox 135 2168 282 2201; x_wconf 88' lang='lat' dir='ltr'>condemnandum</span> <span class='ocrx_word' id='word_1_271' title='bbox 296 2179 333 2202; x_wconf 86' lang='lat' dir='ltr'>esse</span> <span class='ocrx_word' id='word_1_272' title='bbox 347 2174 412 2211; x_wconf 79' lang='lat' dir='ltr'>censet,</span> <span class='ocrx_word' id='word_1_273' title='bbox 432 2169 496 2209; x_wconf 61' lang='lat' dir='ltr'>dapifer,</span> <span class='ocrx_word' id='word_1_274' title='bbox 513 2160 526 2211; x_wconf 65' lang='grc' dir='ltr'><strong><em>ᾧ</em></strong></span> <span class='ocrx_word' id='word_1_275' title='bbox 542 2165 595 2210; x_wconf 63' lang='grc' dir='ltr'><em>ὄνομα</em></span> <span class='ocrx_word' id='word_1_276' title='bbox 608 2167 671 2213; x_wconf 66' lang='lat' dir='ltr'>Hypana,</span> <span class='ocrx_word' id='word_1_277' title='bbox 689 2171 739 2204; x_wconf 79' lang='lat' dir='ltr'>ririeit</span> <span class='ocrx_word' id='word_1_278' title='bbox 752 2171 801 2203; x_wconf 79' lang='lat' dir='ltr'>Deua</span> 
     </span>
     <span class='ocr_line' id='line_1_30' title="bbox 41 2225 802 2274; baseline 0 -14"><span class='ocrx_word' id='word_1_279' title='bbox 41 2237 79 2260; x_wconf 87' lang='lat' dir='ltr'>cum</span> <span class='ocrx_word' id='word_1_280' title='bbox 92 2225 170 2270; x_wconf 81' lang='lat' dir='ltr'>angelum</span> <span class='ocrx_word' id='word_1_281' title='bbox 180 2227 277 2271; x_wconf 82' lang='lat' dir='ltr'>quemdam,</span> <span class='ocrx_word' id='word_1_282' title='bbox 290 2228 358 2260; x_wconf 87' lang='lat' dir='ltr'>nomine</span> <span class='ocrx_word' id='word_1_283' title='bbox 367 2225 412 2270; x_wconf 75' lang='lat' dir='ltr'>Tyri,</span> <span class='ocrx_word' id='word_1_284' title='bbox 431 2229 513 2272; x_wconf 77' lang='lat' dir='ltr'>carpetram</span> <span class='ocrx_word' id='word_1_285' title='bbox 531 2238 585 2263; x_wconf 75' lang='lat' dir='ltr'>aarum</span> <span class='ocrx_word' id='word_1_286' title='bbox 601 2240 657 2274; x_wconf 77' lang='lat' dir='ltr'>super</span> <span class='ocrx_word' id='word_1_287' title='bbox 671 2230 754 2271; x_wconf 72' lang='lat' dir='ltr'>tacitam,</span> <span class='ocrx_word' id='word_1_288' title='bbox 773 2227 802 2261; x_wconf 80' lang='lat' dir='ltr'>oui</span> 
     </span>
     <span class='ocr_line' id='line_1_31' title="bbox 41 2283 800 2329; baseline 0 -12"><span class='ocrx_word' id='word_1_289' title='bbox 41 2284 130 2328; x_wconf 85' lang='lat' dir='ltr'>reptilibus</span> <span class='ocrx_word' id='word_1_290' title='bbox 143 2294 224 2327; x_wconf 85' lang='lat' dir='ltr'>praeesse</span> <span class='ocrx_word' id='word_1_291' title='bbox 237 2285 305 2318; x_wconf 88' lang='lat' dir='ltr'>scribat.</span> <span class='ocrx_word' id='word_1_292' title='bbox 331 2284 364 2318; x_wconf 87' lang='lat' dir='ltr'>Sed</span> <span class='ocrx_word' id='word_1_293' title='bbox 378 2296 410 2317; x_wconf 88' lang='lat' dir='ltr'>an·</span> <span class='ocrx_word' id='word_1_294' title='bbox 432 2283 515 2329; x_wconf 64' lang='lat' dir='ltr'>rhaetiae)</span> <span class='ocrx_word' id='word_1_295' title='bbox 533 2297 595 2320; x_wconf 82' lang='lat' dir='ltr'>rrorraeu</span> <span class='ocrx_word' id='word_1_296' title='bbox 608 2293 634 2320; x_wconf 78' lang='lat' dir='ltr'>oet</span> <span class='ocrx_word' id='word_1_297' title='bbox 646 2284 666 2318; x_wconf 78' lang='grc' dir='ltr'>τὸ</span> <span class='ocrx_word' id='word_1_298' title='bbox 678 2283 741 2329; x_wconf 68' lang='lat' dir='ltr'>dppror,</span> <span class='ocrx_word' id='word_1_299' title='bbox 760 2286 771 2317; x_wconf 84' lang='lat' dir='ltr'>i.</span> <span class='ocrx_word' id='word_1_300' title='bbox 785 2296 800 2317; x_wconf 86' lang='lat' dir='ltr'>e.</span> 
     </span>
     <span class='ocr_line' id='line_1_32' title="bbox 41 2342 801 2389; baseline 0 -14"><span class='ocrx_word' id='word_1_301' title='bbox 41 2343 89 2387; x_wconf 86' lang='lat' dir='ltr'>gelus</span> <span class='ocrx_word' id='word_1_302' title='bbox 105 2342 134 2375; x_wconf 83' lang='lat' dir='ltr'>ille</span> <span class='ocrx_word' id='word_1_303' title='bbox 154 2353 187 2376; x_wconf 88' lang='lat' dir='ltr'>non</span> <span class='ocrx_word' id='word_1_304' title='bbox 204 2345 274 2388; x_wconf 75' lang='lat' dir='ltr'>Tyriae,</span> <span class='ocrx_word' id='word_1_305' title='bbox 296 2343 326 2377; x_wconf 84' lang='lat' dir='ltr'>sed</span> <span class='ocrx_word' id='word_1_306' title='bbox 343 2346 411 2389; x_wconf 82' lang='lat' dir='ltr'>Haprin</span> <span class='ocrx_word' id='word_1_307' title='bbox 430 2346 494 2388; x_wconf 70' lang='lat' dir='ltr'>ferrern.</span> <span class='ocrx_word' id='word_1_308' title='bbox 527 2343 571 2377; x_wconf 85' lang='lat' dir='ltr'>Huic</span> <span class='ocrx_word' id='word_1_309' title='bbox 595 2344 730 2388; x_wconf 78' lang='lat' dir='ltr'>interpretationi</span> <span class='ocrx_word' id='word_1_310' title='bbox 754 2343 801 2376; x_wconf 79' lang='lat' dir='ltr'>lavet</span> 
     </span>
     <span class='ocr_line' id='line_1_33' title="bbox 41 2399 800 2446; baseline -0.003 -12"><span class='ocrx_word' id='word_1_311' title='bbox 41 2400 62 2434; x_wconf 89' lang='lat' dir='ltr'>ab</span> <span class='ocrx_word' id='word_1_312' title='bbox 70 2399 132 2434; x_wconf 83' lang='lat' dir='ltr'>Herma</span> <span class='ocrx_word' id='word_1_313' title='bbox 146 2400 246 2445; x_wconf 81' lang='lat' dir='ltr'>appellatur,</span> <span class='ocrx_word' id='word_1_314' title='bbox 260 2408 276 2435; x_wconf 87' lang='lat' dir='ltr'>et</span> <span class='ocrx_word' id='word_1_315' title='bbox 289 2401 347 2446; x_wconf 88' lang='lat' dir='ltr'>procul</span> <span class='ocrx_word' id='word_1_316' title='bbox 360 2401 411 2433; x_wconf 84' lang='lat' dir='ltr'>dubio</span> <span class='ocrx_word' id='word_1_317' title='bbox 432 2402 484 2436; x_wconf 74' lang='lat' dir='ltr'>Olera.</span> <span class='ocrx_word' id='word_1_318' title='bbox 499 2404 551 2437; x_wconf 30' lang='lat' dir='ltr'>illem.</span> <span class='ocrx_word' id='word_1_319' title='bbox 565 2402 604 2445; x_wconf 68' lang='lat' dir='ltr'>(atr.</span> <span class='ocrx_word' id='word_1_320' title='bbox 614 2408 669 2436; x_wconf 88' lang='lat' dir='ltr'>notam</span> <span class='ocrx_word' id='word_1_321' title='bbox 681 2403 734 2445; x_wconf 65' lang='lat' dir='ltr'>seq-t,</span> <span class='ocrx_word' id='word_1_322' title='bbox 749 2402 800 2445; x_wconf 84' lang='lat' dir='ltr'>eique</span> 
     </span>
     <span class='ocr_line' id='line_1_34' title="bbox 41 2455 799 2504; baseline -0.001 -10"><span class='ocrx_word' id='word_1_323' title='bbox 41 2462 85 2504; x_wconf 75' lang='lat' dir='ltr'>Tyri</span> <span class='ocrx_word' id='word_1_324' title='bbox 96 2470 131 2493; x_wconf 73' lang='lat' dir='ltr'>vox</span> <span class='ocrx_word' id='word_1_325' title='bbox 145 2459 190 2504; x_wconf 85' lang='lat' dir='ltr'>apud</span> <span class='ocrx_word' id='word_1_326' title='bbox 199 2455 321 2503; x_wconf 71' lang='lat' dir='ltr'>Hieronymum</span> <span class='ocrx_word' id='word_1_327' title='bbox 330 2459 411 2492; x_wconf 82' lang='lat' dir='ltr'>librario—</span> <span class='ocrx_word' id='word_1_328' title='bbox 431 2460 555 2504; x_wconf 86' lang='lat' dir='ltr'>adstipulantur</span> <span class='ocrx_word' id='word_1_329' title='bbox 565 2462 655 2494; x_wconf 80' lang='lat' dir='ltr'>Norrrra&#39;rte</span> <span class='ocrx_word' id='word_1_330' title='bbox 669 2465 686 2492; x_wconf 91' lang='lat' dir='ltr'>et</span> <span class='ocrx_word' id='word_1_331' title='bbox 694 2461 799 2504; x_wconf 76' lang='lat' dir='ltr'>Hilpaafeld,</span> 
     </span>
     <span class='ocr_line' id='line_1_35' title="bbox 40 2517 801 2561; baseline 0.001 -12"><span class='ocrx_word' id='word_1_332' title='bbox 40 2527 76 2550; x_wconf 89' lang='lat' dir='ltr'>rum</span> <span class='ocrx_word' id='word_1_333' title='bbox 95 2519 137 2552; x_wconf 80' lang='lat' dir='ltr'>uitio</span> <span class='ocrx_word' id='word_1_334' title='bbox 156 2523 210 2550; x_wconf 89' lang='lat' dir='ltr'>orturn</span> <span class='ocrx_word' id='word_1_335' title='bbox 230 2518 287 2552; x_wconf 78' lang='lat' dir='ltr'>debet,</span> <span class='ocrx_word' id='word_1_336' title='bbox 317 2517 412 2551; x_wconf 80' lang='lat' dir='ltr'>Cotelerius</span> <span class='ocrx_word' id='word_1_337' title='bbox 431 2518 441 2551; x_wconf 91' lang='lat' dir='ltr'>l.</span> <span class='ocrx_word' id='word_1_338' title='bbox 451 2529 465 2551; x_wconf 83' lang='lat' dir='ltr'>c,</span> <span class='ocrx_word' id='word_1_339' title='bbox 477 2517 544 2561; x_wconf 61' lang='lat' dir='ltr'>pta&amp;</span> <span class='ocrx_word' id='word_1_340' title='bbox 558 2518 609 2560; x_wconf 87' lang='lat' dir='ltr'>priori</span> <span class='ocrx_word' id='word_1_341' title='bbox 619 2523 675 2550; x_wconf 83' lang='lat' dir='ltr'>autem</span> <span class='ocrx_word' id='word_1_342' title='bbox 684 2518 801 2561; x_wconf 86' lang='lat' dir='ltr'>patrocinatur</span> 
     </span>
     <span class='ocr_line' id='line_1_36' title="bbox 41 2574 800 2621; baseline 0.001 -13"><span class='ocrx_word' id='word_1_343' title='bbox 41 2575 82 2608; x_wconf 88' lang='lat' dir='ltr'>duas</span> <span class='ocrx_word' id='word_1_344' title='bbox 101 2576 210 2619; x_wconf 81' lang='lat' dir='ltr'>conjecturas</span> <span class='ocrx_word' id='word_1_345' title='bbox 227 2576 248 2609; x_wconf 90' lang='lat' dir='ltr'>ad</span> <span class='ocrx_word' id='word_1_346' title='bbox 265 2586 327 2610; x_wconf 87' lang='lat' dir='ltr'>nomen</span> <span class='ocrx_word' id='word_1_347' title='bbox 345 2578 412 2621; x_wconf 79' lang='lat' dir='ltr'>Heprirr</span> <span class='ocrx_word' id='word_1_348' title='bbox 430 2578 491 2610; x_wconf 80' lang='lat' dir='ltr'>Liiclre</span> <span class='ocrx_word' id='word_1_349' title='bbox 507 2574 584 2618; x_wconf 80' lang='lat' dir='ltr'>(Eirdeit.</span> <span class='ocrx_word' id='word_1_350' title='bbox 601 2576 617 2607; x_wconf 83' lang='lat' dir='ltr'>in</span> <span class='ocrx_word' id='word_1_351' title='bbox 637 2574 665 2607; x_wconf 83' lang='lat' dir='ltr'>die</span> <span class='ocrx_word' id='word_1_352' title='bbox 684 2575 800 2620; x_wconf 78' lang='lat' dir='ltr'>Oileubaruug</span> 
     </span>
     <span class='ocr_line' id='line_1_37' title="bbox 42 2632 799 2680; baseline 0.003 -14"><span class='ocrx_word' id='word_1_353' title='bbox 42 2634 160 2678; x_wconf 77' lang='lat' dir='ltr'>explicandum</span> <span class='ocrx_word' id='word_1_354' title='bbox 173 2633 225 2680; x_wconf 84' lang='lat' dir='ltr'>nohis¹</span> <span class='ocrx_word' id='word_1_355' title='bbox 235 2635 313 2680; x_wconf 85' lang='lat' dir='ltr'>reliquit:</span> <span class='ocrx_word' id='word_1_356' title='bbox 335 2636 352 2678; x_wconf 86' lang='lat' dir='ltr'>l)</span> <span class='ocrx_word' id='word_1_357' title='bbox 366 2633 411 2667; x_wconf 88' lang='lat' dir='ltr'>For·</span> <span class='ocrx_word' id='word_1_358' title='bbox 429 2633 518 2674; x_wconf 82' lang='lat' dir='ltr'>Jolrannis)</span> <span class='ocrx_word' id='word_1_359' title='bbox 532 2643 547 2676; x_wconf 88' lang='lat' dir='ltr'>p.</span> <span class='ocrx_word' id='word_1_360' title='bbox 560 2632 598 2665; x_wconf 63' lang='lat'>1215,</span> <span class='ocrx_word' id='word_1_361' title='bbox 611 2633 651 2666; x_wconf 76' lang='lat' dir='ltr'>liot.</span> <span class='ocrx_word' id='word_1_362' title='bbox 665 2634 681 2666; x_wconf 82' lang='lat'>2.</span> <span class='ocrx_word' id='word_1_363' title='bbox 706 2633 740 2668; x_wconf 72' lang='lat' dir='ltr'>cfr.</span> <span class='ocrx_word' id='word_1_364' title='bbox 754 2645 799 2679; x_wconf 87' lang='lat' dir='ltr'>quo-</span> 
     </span>
     <span class='ocr_line' id='line_1_38' title="bbox 40 2691 799 2738; baseline 0.004 -14"><span class='ocrx_word' id='word_1_365' title='bbox 40 2698 86 2726; x_wconf 84' lang='lat' dir='ltr'>tasse</span> <span class='ocrx_word' id='word_1_366' title='bbox 99 2694 179 2737; x_wconf 88' lang='lat' dir='ltr'>scriptum</span> <span class='ocrx_word' id='word_1_367' title='bbox 193 2692 244 2725; x_wconf 85' lang='lat' dir='ltr'>fuisse</span> <span class='ocrx_word' id='word_1_368' title='bbox 257 2705 304 2737; x_wconf 67' lang='lat' dir='ltr'>apppp</span> <span class='ocrx_word' id='word_1_369' title='bbox 315 2695 326 2726; x_wconf 91' lang='lat' dir='ltr'>i.</span> <span class='ocrx_word' id='word_1_370' title='bbox 336 2705 351 2726; x_wconf 88' lang='lat' dir='ltr'>e.</span> <span class='ocrx_word' id='word_1_371' title='bbox 363 2702 411 2725; x_wconf 90' lang='lat' dir='ltr'>com-</span> <span class='ocrx_word' id='word_1_372' title='bbox 430 2702 463 2735; x_wconf 87' lang='lat' dir='ltr'>qae</span> <span class='ocrx_word' id='word_1_373' title='bbox 472 2692 557 2735; x_wconf 78' lang='lat' dir='ltr'>lttipirrm,</span> <span class='ocrx_word' id='word_1_374' title='bbox 571 2691 581 2724; x_wconf 87' lang='grc' dir='ltr'>Ι.</span> <span class='ocrx_word' id='word_1_375' title='bbox 591 2703 604 2725; x_wconf 85' lang='lat' dir='ltr'>c.</span> <span class='ocrx_word' id='word_1_376' title='bbox 616 2704 633 2736; x_wconf 88' lang='lat' dir='ltr'>p.</span> <span class='ocrx_word' id='word_1_377' title='bbox 644 2692 683 2726; x_wconf 75' lang='grc'>168.</span> <span class='ocrx_word' id='word_1_378' title='bbox 700 2691 735 2727; x_wconf 79' lang='lat' dir='ltr'>cfr.</span> <span class='ocrx_word' id='word_1_379' title='bbox 744 2694 799 2738; x_wconf 75' lang='lat' dir='ltr'>Apoe.</span> 
     </span>
     <span class='ocr_line' id='line_1_39' title="bbox 41 2746 675 2800; baseline -0.005 -16"><span class='ocrx_word' id='word_1_380' title='bbox 41 2752 125 2797; x_wconf 84' lang='lat' dir='ltr'>peudiosa</span> <span class='ocrx_word' id='word_1_381' title='bbox 153 2751 236 2797; x_wconf 84' lang='lat' dir='ltr'>scriptura</span> <span class='ocrx_word' id='word_1_382' title='bbox 266 2762 297 2796; x_wconf 89' lang='lat' dir='ltr'>pro</span> <span class='ocrx_word' id='word_1_383' title='bbox 326 2750 415 2800; x_wconf 14' lang='lat' dir='ltr'>ipppyopoaq</span> <span class='ocrx_word' id='word_1_384' title='bbox 429 2748 446 2792; x_wconf 71' lang='lat'>9,</span> <span class='ocrx_word' id='word_1_385' title='bbox 461 2746 675 2793; x_wconf 59' lang='lat' dir='ltr'>‘l12dppedogldp&#39;fiadrdr</span> 
     </span>
    </p>
   </div>
   <div class='ocr_carea' id='block_1_5' title="bbox 0 0 888 2987">
    <p class='ocr_par' dir='ltr' id='par_1_7' title="bbox 0 0 888 2987">
     <span class='ocr_line' id='line_1_40' title="bbox 0 0 888 2987; baseline 0 3"><span class='ocrx_word' id='word_1_386' title='bbox 0 0 888 2987; x_wconf 95' lang='lat' dir='ltr'> </span> 
     </span>
    </p>
   </div>
  </div>
 </body>
</html>
