1765 2987
219 157 239 194 Π.
254 156 377 195 stertentis
390 157 420 193 AD
434 157 484 194 COR.
497 157 525 193 ΠΙ.
538 158 566 193 tv.
580 157 600 193 V.
751 158 793 201 139

36 269 97 310 ¹eum
113 266 242 321 confitemur,
262 281 373 323 perquem
389 270 464 310 ser'veti
480 281 555 311 snmus.
586 269 607 310 in
624 280 712 323 quonam
728 271 795 308 autem

32 339 86 381 ilium
102 338 257 380 confitebimur?
283 338 390 390 Facienda,
407 352 459 394 qrine
475 341 528 392 dicit,
546 344 565 382 et
579 341 671 382 montinio
686 339 738 381 iliius
753 348 795 379 non

33 409 155 464 spernendo,
172 422 210 451 neo
225 410 289 451 snium
301 410 358 451 tabiis
370 423 414 452 oum
427 410 552 463 honorando,
568 411 605 452 sed
621 409 665 452 ΨΘΧ
676 415 718 452 toto
730 408 794 450 eorde

33 485 52 521 et
69 492 95 521 ex
110 484 150 521 totn
168 486 239 521 mente.
271 480 323 521 Dicit
343 483 394 521 enim
415 483 434 522 in
447 481 521 523 Esaia:
543 479 654 534 ³popnius
672 482 712 523 iste
728 476 793 522 labiis

32 550 182 606 mennonium
199 564 236 593 aar
252 556 320 592 entem
336 564 407 594 eoram
423 552 485 607 ionpe
501 552 560 595 abest
575 565 589 594 a
604 564 641 594 me.

188 679 220 721 IV.
254 680 306 730 (tais
323 680 426 723 Christum
441 694 490 723 aere
507 683 637 734 confitenter.

92 762 137 804 Non
154 763 216 804 sutum
233 763 294 817 igitur
309 764 374 817 ipsum
390 775 486 804 vocemus
502 764 622 814 Dominum3
643 761 662 804 id
685 762 736 804 enim
752 774 794 804 non

32 833 116 875 salvabit
132 845 175 874 nos.
202 832 253 873 Dicit
264 833 328 874 enim:
345 831 408 874 *non
419 834 493 885 omnis,
510 835 545 887 qai
557 834 610 874 dicit
620 833 682 874 mitri:
697 833 793 883 Dareine,
848 832 851 833 ⁷

33 906 135 955 Domine,
152 904 335 955 sntonottn1·‚sea
350 905 386 957 qni
401 902 457 955 ferit
468 904 581 955 justitiam.
613 903 694 957 Itaque⁷
713 903 793 954 nunes,

34 976 53 1016 in
69 975 164 1029 operibus
180 975 244 1028 ipsum
260 974 396 1027 confiteamur,
413 976 433 1015 in
450 975 552 1029 diligenda
570 974 621 1016 ⁵niii
638 975 695 1026 aiios,
717 976 736 1015 in
753 986 794 1015 nnn

33 1044 171 1095 adniternrnin
187 1057 254 1097 neque
271 1045 402 1086 obtrectando
418 1046 511 1097 invicem,
527 1058 594 1098 neque
610 1044 792 1098 aenruiandopsed

33 1116 120 1156 viventia
137 1115 156 1155 in
173 1116 307 1167 continentia,
325 1105 473 1166 misericordia,
489 1116 578 1156 bonitate
585 1129 591 1165 ;
614 1120 634 1156 et
652 1116 793 1169 compassione

32 1191 98 1227 mutua
110 1186 154 1226 duci
167 1185 269 1238 tenemus,
285 1198 325 1227 non
338 1188 437 1240 pecuniae
448 1186 561 1238 cupititate.
587 1184 609 1226 In
625 1186 680 1226 hisce
695 1186 792 1239 operibus

33 1256 162 1297 conriitemnur
179 1252 255 1307 ficum,
271 1268 311 1297 non
328 1257 428 1297 antemio
445 1256 561 1306 contrariis3
579 1268 618 1296 nee
635 1256 716 1297 timendi
733 1256 792 1297 nobis

33 1330 79 1366 sunt
96 1325 245 1375 taurinenses
262 1325 324 1366 Dens.
355 1326 440 1376 ideirco,
457 1326 515 1366 nobis
531 1325 581 1365 haec
597 1325 724 1377 sernentibus
743 1326 793 1365 dixit

32 1395 141 1436 Dominus:
153 1390 197 1441 ,⁷si
210 1394 297 1445 fueritis
312 1408 390 1436 anecnm
406 1395 527 1448 carrprepati
543 1395 565 1435 in
580 1396 629 1435 sinn
644 1409 696 1446 meo,
714 1401 733 1435 et
750 1407 793 1435 non

31 1466 128 1518 feceritis
142 1465 245 1505 inmodate
260 1478 316 1516 rnen,
334 1466 434 1517 abjiciam
448 1478 499 1515 aas,
516 1470 536 1505 et
552 1466 621 1506 dicam
637 1465 710 1505 nobis:
726 1460 792 1504 8αἰε-

34 1535 101 1575 cedite
117 1546 131 1575 a
145 1548 184 1585 ann
200 1536 272 1576 neseio
288 1548 334 1586 aas,
350 1535 407 1577 ntiae
421 1535 476 1585 sitis,
497 1535 592 1587 operarii
608 1534 733 1587 iniqnitatis.
758 1534 763 1540 ’

33 1662 56 1703 V.
89 1662 249 1704 Contemnamus
264 1663 370 1713 mantiam,
388 1663 573 1704 acoenonoetus
589 1663 618 1704 ad
633 1662 721 1704 alterins
737 1663 793 1703 aitae

347 1733 477 1785 felicitatem.

91 1812 175 1866 idcireo,
192 1813 271 1865 iratres,
288 1814 382 1857 derelicta
395 1815 560 1869 peregrinatione
574 1813 679 1868 mundana,
696 1814 792 1857 iaciamus

33 1882 154 1923 voluntatem
171 1884 226 1937 ejas,
247 1884 281 1937 qui
296 1886 377 1925 vocarit
392 1898 440 1935 nas,
465 1890 484 1926 et
501 1898 512 1926 e
528 1886 602 1927 mundo
618 1886 657 1927 hoa
678 1888 736 1926 exire
752 1898 792 1927 non

33 1953 143 1993 timeamus.
169 1949 208 1994 'An
228 1955 280 1994 enim
301 1954 408 1996 Dominus:
433 1951 512 1997 ⁹eritis
533 1956 590 1997 aetat
610 1955 660 2008 npni
681 1956 704 1996 in
722 1955 792 1996 inentia

34 2023 137 2075 Inparian.
169 2020 329 2077 ¹⁰Respondens
345 2031 410 2066 nutem
427 2024 496 2067 Petrus
513 2026 532 2067 ei
547 2026 586 2066 uit:
603 2024 647 2065 ¹¹si
664 2031 732 2067 uatem
748 2026 792 2079 tupi

33 2105 100 2145 npnas
116 2092 292 2146 discernimini?
321 2094 433 2148 Respondit
452 2095 512 2136 Jesns
533 2095 604 2137 Petra:
633 2093 685 2136 ¹²ne
707 2097 793 2137 timeant

33 2163 82 2214 apni
95 2166 145 2212 nost
159 2169 246 2203 mortem
258 2176 318 2204 sanni
331 2165 400 2216 inpos,
418 2163 463 2205 1³et
475 2178 514 2206 nos
527 2165 592 2205 notite
608 2165 684 2220 timere
694 2178 739 2216 eos,
756 2166 793 2218 qni
824 2186 826 2188 ·
871 2158 878 2162 ”

34 2231 132 2273 occidant
145 2244 190 2283 aas,
207 2239 228 2274 et
241 2233 316 2274 aetnae
332 2234 385 2275 ninii
400 2234 461 2277 nohis
469 2233 658 2287 passantfneerc5
673 2236 711 2275 sert
726 2236 794 2276 timete

57 2382 75 2424 6)
88 2380 114 2416 Ita
125 2381 185 2416 Bothe.
203 2380 308 2427 Aiiiffleo'n]
321 2393 352 2417 sen
365 2380 405 2428 [nie
436 2383 466 2429 10)
480 2383 504 2416 De
522 2383 551 2416 nn
569 2382 657 2428 coiioqnio
675 2382 736 2416 Christi
755 2393 792 2416 cum

34 2436 93 2484 6⁶5²}
424 2441 474 2476 Petro
491 2442 558 2485 reperio
576 2440 617 2474 nihii
634 2442 651 2474 in
667 2440 684 2474 S.
699 2440 791 2484 Scriptura.

56 2498 75 2538 7)
88 2497 126 2530 Non
140 2499 196 2531 estin
210 2498 226 2531 S.
241 2497 333 2542 Scriptura.
358 2498 404 2533 For·
423 2500 475 2533 Forte
491 2505 546 2533 sumta
562 2505 601 2533 sunt
614 2509 635 2533 ex
648 2499 746 2543 apocrypha
759 2497 793 2531 ali-

34 2556 77 2589 sitnn
91 2565 113 2588 er
122 2554 218 2600 Evangelio
227 2557 320 2589 secundnm
330 2555 403 2601 Aegyp·
423 2569 456 2603 qun
468 2557 545 2590 historin.
565 2555 614 2589 Bois.

33 2615 72 2647 tios.
89 2616 151 2646 Worr.
436 2616 465 2657 ii)
480 2613 514 2648 cn.
527 2613 567 2646 Luc.
582 2613 609 2655 10,
622 2612 638 2646 3.

57 2670 76 2711 8)
89 2669 148 2703 itant.
161 2670 178 2710 t,
192 2669 220 2703 23.
244 2670 285 2706 Luc.
299 2670 327 2714 13,
341 2671 368 2706 27.
436 2672 464 2712 12)
477 2670 515 2703 Non
530 2676 556 2703 est
567 2670 583 2703 in
597 2669 613 2702 S.
628 2668 721 2713 Scriptura.

57 2725 231 2771 sturminium.
435 2727 465 2771 13)
479 2725 537 2763 ntanh.
551 2726 584 2771 10,
597 2726 625 2762 28.
650 2726 690 2761 Luc.
706 2727 733 2771 12,
747 2729 764 2762 4.
777 2729 793 2764 5.
