<?xml version="1.0" encoding="UTF-8"?>
<!DOCTYPE html PUBLIC "-//W3C//DTD XHTML 1.0 Transitional//EN"
    "http://www.w3.org/TR/xhtml1/DTD/xhtml1-transitional.dtd">
<html xmlns="http://www.w3.org/1999/xhtml" xml:lang="en" lang="en">
 <head>
  <title>
</title>
<meta http-equiv="Content-Type" content="text/html;charset=utf-8" />
  <meta name='ocr-system' content='tesseract 3.04.00' />
  <meta name='ocr-capabilities' content='ocr_page ocr_carea ocr_par ocr_line ocrx_word'/>
</head>
<body>
  <div class='ocr_page' id='page_1' title='image "MN40298ucmf_0_0281.png"; bbox 0 0 1765 2987; ppageno 0'>
   <div class='ocr_carea' id='block_1_1' title="bbox 240 140 552 179">
    <p class='ocr_par' dir='ltr' id='par_1_1' title="bbox 240 140 552 179">
     <span class='ocr_line' id='line_1_1' title="bbox 240 140 552 179; baseline 0.003 -3"><span class='ocrx_word' id='word_1_1' title='bbox 240 141 261 176; x_wconf 91' lang='lat' dir='ltr'>II.</span> <span class='ocrx_word' id='word_1_2' title='bbox 275 140 398 177; x_wconf 81' lang='lat' dir='ltr'>CLEIIENTIS</span> <span class='ocrx_word' id='word_1_3' title='bbox 411 141 440 177; x_wconf 77' lang='lat' dir='ltr'>Au</span> <span class='ocrx_word' id='word_1_4' title='bbox 454 141 504 177; x_wconf 84' lang='lat' dir='ltr'>COR.</span> <span class='ocrx_word' id='word_1_5' title='bbox 517 142 552 179; x_wconf 88' lang='lat' dir='ltr'>XII.</span> 
     </span>
    </p>
   </div>
   <div class='ocr_carea' id='block_1_2' title="bbox 85 309 643 366">
    <p class='ocr_par' dir='ltr' id='par_1_2' title="bbox 85 309 643 366">
     <span class='ocr_line' id='line_1_2' title="bbox 85 309 643 366; baseline 0.007 -16"><span class='ocrx_word' id='word_1_6' title='bbox 85 325 89 329; x_wconf 84' lang='grc'><em>·</em></span> <span class='ocrx_word' id='word_1_7' title='bbox 147 309 188 351; x_wconf 91' lang='lat' dir='ltr'>XII.</span> <span class='ocrx_word' id='word_1_8' title='bbox 219 310 370 362; x_wconf 73' lang='lat' dir='ltr'>Eoespectemus</span> <span class='ocrx_word' id='word_1_9' title='bbox 386 311 481 363; x_wconf 76' lang='lat' dir='ltr'>quotidie</span> <span class='ocrx_word' id='word_1_10' title='bbox 496 325 581 366; x_wconf 70' lang='lat' dir='ltr'>requam</span> <span class='ocrx_word' id='word_1_11' title='bbox 596 313 643 354; x_wconf 75' lang='lat' dir='ltr'>Dei,</span> 
     </span>
    </p>
   </div>
   <div class='ocr_carea' id='block_1_3' title="bbox 12 390 776 1221">
    <p class='ocr_par' dir='ltr' id='par_1_3' title="bbox 12 390 776 1221">
     <span class='ocr_line' id='line_1_3' title="bbox 74 390 776 447; baseline 0.001 -16"><span class='ocrx_word' id='word_1_12' title='bbox 74 390 138 446; x_wconf 82' lang='lat' dir='ltr'>Igitur</span> <span class='ocrx_word' id='word_1_13' title='bbox 158 393 179 433; x_wconf 91' lang='lat' dir='ltr'>in</span> <span class='ocrx_word' id='word_1_14' title='bbox 198 392 259 433; x_wconf 80' lang='lat' dir='ltr'>horas</span> <span class='ocrx_word' id='word_1_15' title='bbox 279 404 365 447; x_wconf 81' lang='lat' dir='ltr'>reguum</span> <span class='ocrx_word' id='word_1_16' title='bbox 380 392 418 433; x_wconf 86' lang='lat' dir='ltr'>Dei</span> <span class='ocrx_word' id='word_1_17' title='bbox 439 399 580 447; x_wconf 78' lang='lat' dir='ltr'>exspectemus</span> <span class='ocrx_word' id='word_1_18' title='bbox 600 394 619 434; x_wconf 86' lang='lat' dir='ltr'>iu</span> <span class='ocrx_word' id='word_1_19' title='bbox 639 395 735 435; x_wconf 75' lang='lat' dir='ltr'>charitate</span> <span class='ocrx_word' id='word_1_20' title='bbox 756 397 776 433; x_wconf 92' lang='lat' dir='ltr'>et</span> 
     </span>
     <span class='ocr_line' id='line_1_4' title="bbox 14 462 774 518; baseline 0 -14"><span class='ocrx_word' id='word_1_21' title='bbox 14 462 101 518; x_wconf 77' lang='lat' dir='ltr'>Justitia,</span> <span class='ocrx_word' id='word_1_22' title='bbox 122 462 283 516; x_wconf 83' lang='lat' dir='ltr'>quandoquidem</span> <span class='ocrx_word' id='word_1_23' title='bbox 305 462 477 504; x_wconf 80' lang='lat' dir='ltr'>neseImus&#39;diem</span> <span class='ocrx_word' id='word_1_24' title='bbox 497 463 595 505; x_wconf 81' lang='lat' dir='ltr'>adventus</span> <span class='ocrx_word' id='word_1_25' title='bbox 613 463 656 505; x_wconf 85' lang='lat' dir='ltr'>Dei.</span> <span class='ocrx_word' id='word_1_26' title='bbox 691 463 774 505; x_wconf 85' lang='lat' dir='ltr'>¹Inter-</span> 
     </span>
     <span class='ocr_line' id='line_1_5' title="bbox 15 532 775 588; baseline 0.003 -14"><span class='ocrx_word' id='word_1_27' title='bbox 15 536 99 586; x_wconf 81' lang='lat' dir='ltr'>rogatus</span> <span class='ocrx_word' id='word_1_28' title='bbox 115 532 168 573; x_wconf 84' lang='lat' dir='ltr'>enim</span> <span class='ocrx_word' id='word_1_29' title='bbox 183 546 195 574; x_wconf 80' lang='lat' dir='ltr'>a</span> <span class='ocrx_word' id='word_1_30' title='bbox 210 533 296 586; x_wconf 85' lang='lat' dir='ltr'>quodum</span> <span class='ocrx_word' id='word_1_31' title='bbox 311 533 355 587; x_wconf 88' lang='lat' dir='ltr'>ipse</span> <span class='ocrx_word' id='word_1_32' title='bbox 370 534 479 587; x_wconf 82' lang='lat' dir='ltr'>Dominus,</span> <span class='ocrx_word' id='word_1_33' title='bbox 502 536 581 588; x_wconf 79' lang='lat' dir='ltr'>quanto</span> <span class='ocrx_word' id='word_1_34' title='bbox 596 540 703 576; x_wconf 84' lang='lat' dir='ltr'>venturum</span> <span class='ocrx_word' id='word_1_35' title='bbox 719 539 775 576; x_wconf 86' lang='lat' dir='ltr'>esset</span> 
     </span>
     <span class='ocr_line' id='line_1_6' title="bbox 15 603 775 657; baseline 0.001 -13"><span class='ocrx_word' id='word_1_36' title='bbox 15 616 101 657; x_wconf 83' lang='lat' dir='ltr'>reguum</span> <span class='ocrx_word' id='word_1_37' title='bbox 116 603 189 657; x_wconf 79' lang='lat' dir='ltr'>ipsius,</span> <span class='ocrx_word' id='word_1_38' title='bbox 205 604 265 645; x_wconf 83' lang='lat' dir='ltr'>dixit:</span> <span class='ocrx_word' id='word_1_39' title='bbox 288 618 334 645; x_wconf 80' lang='lat' dir='ltr'>eum</span> <span class='ocrx_word' id='word_1_40' title='bbox 349 606 391 645; x_wconf 76' lang='lat' dir='ltr'>uuo</span> <span class='ocrx_word' id='word_1_41' title='bbox 408 611 469 646; x_wconf 75' lang='lat' dir='ltr'>etmut</span> <span class='ocrx_word' id='word_1_42' title='bbox 483 618 558 656; x_wconf 63' lang='lat' dir='ltr'>ustum,</span> <span class='ocrx_word' id='word_1_43' title='bbox 575 610 595 645; x_wconf 84' lang='lat' dir='ltr'>et</span> <span class='ocrx_word' id='word_1_44' title='bbox 611 605 667 655; x_wconf 76' lang='lat' dir='ltr'>quod</span> <span class='ocrx_word' id='word_1_45' title='bbox 679 606 736 657; x_wconf 76' lang='lat' dir='ltr'>feris</span> <span class='ocrx_word' id='word_1_46' title='bbox 751 611 775 645; x_wconf 83' lang='lat' dir='ltr'>ut</span> 
     </span>
     <span class='ocr_line' id='line_1_7' title="bbox 15 673 774 727; baseline 0 -13"><span class='ocrx_word' id='word_1_47' title='bbox 15 674 49 725; x_wconf 78' lang='lat' dir='ltr'>id,</span> <span class='ocrx_word' id='word_1_48' title='bbox 65 673 120 727; x_wconf 79' lang='lat' dir='ltr'>quod</span> <span class='ocrx_word' id='word_1_49' title='bbox 134 674 202 726; x_wconf 77' lang='lat' dir='ltr'>Intus,</span> <span class='ocrx_word' id='word_1_50' title='bbox 219 680 240 715; x_wconf 84' lang='lat' dir='ltr'>et</span> <span class='ocrx_word' id='word_1_51' title='bbox 253 676 366 716; x_wconf 69' lang='lat' dir='ltr'>masculum</span> <span class='ocrx_word' id='word_1_52' title='bbox 382 688 428 716; x_wconf 85' lang='lat' dir='ltr'>cum</span> <span class='ocrx_word' id='word_1_53' title='bbox 442 675 534 726; x_wconf 71' lang='lat' dir='ltr'>seusina,</span> <span class='ocrx_word' id='word_1_54' title='bbox 553 686 619 727; x_wconf 77' lang='lat' dir='ltr'>neque</span> <span class='ocrx_word' id='word_1_55' title='bbox 634 687 692 725; x_wconf 82' lang='lat' dir='ltr'>mas,</span> <span class='ocrx_word' id='word_1_56' title='bbox 709 687 774 727; x_wconf 78' lang='lat' dir='ltr'>meque</span> 
     </span>
     <span class='ocr_line' id='line_1_8' title="bbox 12 741 775 797; baseline -0.001 -12"><span class='ocrx_word' id='word_1_57' title='bbox 12 745 99 797; x_wconf 79' lang='lat' dir='ltr'>femina.</span> <span class='ocrx_word' id='word_1_58' title='bbox 129 745 177 786; x_wconf 79' lang='lat' dir='ltr'>Duo</span> <span class='ocrx_word' id='word_1_59' title='bbox 198 749 263 786; x_wconf 80' lang='lat' dir='ltr'>autem</span> <span class='ocrx_word' id='word_1_60' title='bbox 283 750 329 787; x_wconf 89' lang='lat' dir='ltr'>suut</span> <span class='ocrx_word' id='word_1_61' title='bbox 350 757 426 795; x_wconf 79' lang='lat' dir='ltr'>uuum,</span> <span class='ocrx_word' id='word_1_62' title='bbox 451 743 530 797; x_wconf 83' lang='lat' dir='ltr'>quaudo</span> <span class='ocrx_word' id='word_1_63' title='bbox 551 741 621 784; x_wconf 79' lang='lat' dir='ltr'>²ulte1·</span> <span class='ocrx_word' id='word_1_64' title='bbox 643 744 668 784; x_wconf 80' lang='lat' dir='ltr'>ad</span> <span class='ocrx_word' id='word_1_65' title='bbox 690 744 775 785; x_wconf 81' lang='lat' dir='ltr'>alterum</span> 
     </span>
     <span class='ocr_line' id='line_1_9' title="bbox 14 802 774 867; baseline 0.001 -12"><span class='ocrx_word' id='word_1_66' title='bbox 14 814 122 867; x_wconf 85' lang='lat' dir='ltr'>loquemur</span> <span class='ocrx_word' id='word_1_67' title='bbox 137 802 247 867; x_wconf 80' lang='lat' dir='ltr'>veritatem,</span> <span class='ocrx_word' id='word_1_68' title='bbox 263 815 318 856; x_wconf 90' lang='lat' dir='ltr'>etin</span> <span class='ocrx_word' id='word_1_69' title='bbox 335 815 413 856; x_wconf 86' lang='lat' dir='ltr'>duobus</span> <span class='ocrx_word' id='word_1_70' title='bbox 430 814 549 867; x_wconf 77' lang='lat' dir='ltr'>cerporibus</span> <span class='ocrx_word' id='word_1_71' title='bbox 565 813 645 855; x_wconf 81' lang='lat' dir='ltr'>sincere</span> <span class='ocrx_word' id='word_1_72' title='bbox 663 819 683 855; x_wconf 87' lang='lat' dir='ltr'>et</span> <span class='ocrx_word' id='word_1_73' title='bbox 699 814 774 864; x_wconf 82' lang='lat' dir='ltr'>absque</span> 
     </span>
     <span class='ocr_line' id='line_1_10' title="bbox 15 883 773 937; baseline 0 -12"><span class='ocrx_word' id='word_1_74' title='bbox 15 884 141 925; x_wconf 79' lang='lat' dir='ltr'>simulatione</span> <span class='ocrx_word' id='word_1_75' title='bbox 157 884 216 925; x_wconf 81' lang='lat' dir='ltr'>suerit</span> <span class='ocrx_word' id='word_1_76' title='bbox 229 897 269 926; x_wconf 83' lang='lat' dir='ltr'>uua</span> <span class='ocrx_word' id='word_1_77' title='bbox 282 884 352 925; x_wconf 75' lang='lat' dir='ltr'>uuima.</span> <span class='ocrx_word' id='word_1_78' title='bbox 381 884 408 924; x_wconf 86' lang='lat' dir='ltr'>Et</span> <span class='ocrx_word' id='word_1_79' title='bbox 419 885 476 936; x_wconf 68' lang='lat' dir='ltr'>quoti</span> <span class='ocrx_word' id='word_1_80' title='bbox 486 883 543 936; x_wconf 74' lang='lat' dir='ltr'>fotis</span> <span class='ocrx_word' id='word_1_81' title='bbox 555 888 592 936; x_wconf 79' lang='lat' dir='ltr'>est,</span> <span class='ocrx_word' id='word_1_82' title='bbox 609 890 633 925; x_wconf 87' lang='lat' dir='ltr'>ut</span> <span class='ocrx_word' id='word_1_83' title='bbox 642 885 698 937; x_wconf 81' lang='lat' dir='ltr'>quod</span> <span class='ocrx_word' id='word_1_84' title='bbox 708 885 773 935; x_wconf 81' lang='lat' dir='ltr'>intus,</span> 
     </span>
     <span class='ocr_line' id='line_1_11' title="bbox 14 953 773 1009; baseline -0.001 -15"><span class='ocrx_word' id='word_1_85' title='bbox 14 954 53 995; x_wconf 87' lang='lat' dir='ltr'>huc</span> <span class='ocrx_word' id='word_1_86' title='bbox 69 954 105 994; x_wconf 82' lang='lat' dir='ltr'>ait:</span> <span class='ocrx_word' id='word_1_87' title='bbox 126 954 210 996; x_wconf 80' lang='lat' dir='ltr'>ammam</span> <span class='ocrx_word' id='word_1_88' title='bbox 229 957 300 1007; x_wconf 81' lang='lat' dir='ltr'>vocat,</span> <span class='ocrx_word' id='word_1_89' title='bbox 321 954 378 1008; x_wconf 82' lang='lat' dir='ltr'>quod</span> <span class='ocrx_word' id='word_1_90' title='bbox 398 955 467 1003; x_wconf 58' lang='lat' dir='ltr'>mum</span> <span class='ocrx_word' id='word_1_91' title='bbox 488 959 507 994; x_wconf 91' lang='lat' dir='ltr'>et</span> <span class='ocrx_word' id='word_1_92' title='bbox 527 965 613 1009; x_wconf 81' lang='lat' dir='ltr'>corpus,</span> <span class='ocrx_word' id='word_1_93' title='bbox 635 955 692 1008; x_wconf 78' lang='lat' dir='ltr'>quod</span> <span class='ocrx_word' id='word_1_94' title='bbox 710 953 773 1005; x_wconf 78' lang='lat' dir='ltr'>sotis.</span> 
     </span>
     <span class='ocr_line' id='line_1_12' title="bbox 15 1024 773 1080; baseline -0.001 -14"><span class='ocrx_word' id='word_1_95' title='bbox 15 1024 119 1074; x_wconf 73' lang='lat' dir='ltr'>Quomodo</span> <span class='ocrx_word' id='word_1_96' title='bbox 135 1025 195 1080; x_wconf 81' lang='lat' dir='ltr'>igitur</span> <span class='ocrx_word' id='word_1_97' title='bbox 211 1037 285 1079; x_wconf 86' lang='lat' dir='ltr'>corpus</span> <span class='ocrx_word' id='word_1_98' title='bbox 301 1030 355 1067; x_wconf 91' lang='lat' dir='ltr'>tuum</span> <span class='ocrx_word' id='word_1_99' title='bbox 371 1025 502 1079; x_wconf 82' lang='lat' dir='ltr'>conspIcuum</span> <span class='ocrx_word' id='word_1_100' title='bbox 518 1028 559 1077; x_wconf 88' lang='lat' dir='ltr'>est,</span> <span class='ocrx_word' id='word_1_101' title='bbox 580 1024 607 1066; x_wconf 85' lang='lat' dir='ltr'>ita</span> <span class='ocrx_word' id='word_1_102' title='bbox 625 1029 645 1067; x_wconf 85' lang='lat' dir='ltr'>et</span> <span class='ocrx_word' id='word_1_103' title='bbox 660 1025 724 1066; x_wconf 79' lang='lat' dir='ltr'>anima</span> <span class='ocrx_word' id='word_1_104' title='bbox 740 1029 773 1066; x_wconf 84' lang='lat' dir='ltr'>tua</span> 
     </span>
     <span class='ocr_line' id='line_1_13' title="bbox 14 1093 772 1151; baseline 0.001 -15"><span class='ocrx_word' id='word_1_105' title='bbox 14 1093 137 1137; x_wconf 55' lang='lat' dir='ltr'>manifesta</span> <span class='ocrx_word' id='word_1_106' title='bbox 157 1096 182 1137; x_wconf 89' lang='lat' dir='ltr'>sit</span> <span class='ocrx_word' id='word_1_107' title='bbox 201 1096 221 1137; x_wconf 86' lang='lat' dir='ltr'>in</span> <span class='ocrx_word' id='word_1_108' title='bbox 241 1096 299 1137; x_wconf 84' lang='lat' dir='ltr'>honis</span> <span class='ocrx_word' id='word_1_109' title='bbox 317 1096 419 1151; x_wconf 79' lang='lat' dir='ltr'>operibus.</span> <span class='ocrx_word' id='word_1_110' title='bbox 449 1095 477 1136; x_wconf 86' lang='lat' dir='ltr'>Et</span> <span class='ocrx_word' id='word_1_111' title='bbox 492 1096 605 1137; x_wconf 80' lang='lat' dir='ltr'>masculum</span> <span class='ocrx_word' id='word_1_112' title='bbox 624 1109 669 1137; x_wconf 84' lang='lat' dir='ltr'>cum</span> <span class='ocrx_word' id='word_1_113' title='bbox 683 1096 772 1147; x_wconf 77' lang='lat' dir='ltr'>femina,</span> 
     </span>
     <span class='ocr_line' id='line_1_14' title="bbox 13 1164 705 1221; baseline 0 -13"><span class='ocrx_word' id='word_1_114' title='bbox 13 1166 322 1221; x_wconf 76' lang='lat' dir='ltr'>nequemasuequefemiuu,</span> <span class='ocrx_word' id='word_1_115' title='bbox 338 1164 705 1209; x_wconf 32' lang='grc' dir='ltr'>11004454ὙῆΜμψἿζ</span> 
     </span>
    </p>
   </div>
   <div class='ocr_carea' id='block_1_4' title="bbox 12 1300 773 1528">
    <p class='ocr_par' dir='ltr' id='par_1_4' title="bbox 12 1300 773 1528">
     <span class='ocr_line' id='line_1_15' title="bbox 12 1300 773 1353; baseline -0.007 -13"><span class='ocrx_word' id='word_1_116' title='bbox 12 1306 123 1352; x_wconf 80' lang='lat' dir='ltr'>grammatica</span> <span class='ocrx_word' id='word_1_117' title='bbox 135 1305 190 1339; x_wconf 86' lang='lat' dir='ltr'>miuor</span> <span class='ocrx_word' id='word_1_118' title='bbox 198 1307 214 1348; x_wconf 85' lang='lat'>§.</span> <span class='ocrx_word' id='word_1_119' title='bbox 223 1304 263 1340; x_wconf 84' lang='lat'>302.</span> <span class='ocrx_word' id='word_1_120' title='bbox 271 1316 288 1340; x_wconf 83' lang='lat' dir='ltr'>n.</span> <span class='ocrx_word' id='word_1_121' title='bbox 297 1304 314 1338; x_wconf 73' lang='lat' dir='ltr'>t.</span> <span class='ocrx_word' id='word_1_122' title='bbox 323 1319 340 1353; x_wconf 86' lang='lat' dir='ltr'>p.</span> <span class='ocrx_word' id='word_1_123' title='bbox 349 1305 382 1341; x_wconf 77' lang='lat'>399</span> <span class='ocrx_word' id='word_1_124' title='bbox 401 1311 440 1340; x_wconf 86' lang='lat' dir='ltr'>sunt</span> <span class='ocrx_word' id='word_1_125' title='bbox 458 1315 480 1339; x_wconf 83' lang='lat' dir='ltr'>ex</span> <span class='ocrx_word' id='word_1_126' title='bbox 498 1306 551 1341; x_wconf 69' lang='lat' dir='ltr'>ctam.</span> <span class='ocrx_word' id='word_1_127' title='bbox 571 1306 622 1340; x_wconf 70' lang='lat' dir='ltr'><em>Alex.</em></span> <span class='ocrx_word' id='word_1_128' title='bbox 639 1304 650 1338; x_wconf 91' lang='lat' dir='ltr'>I.</span> <span class='ocrx_word' id='word_1_129' title='bbox 664 1316 688 1347; x_wconf 65' lang='lat' dir='ltr'>e,</span> <span class='ocrx_word' id='word_1_130' title='bbox 708 1305 735 1337; x_wconf 85' lang='lat' dir='ltr'>cui</span> <span class='ocrx_word' id='word_1_131' title='bbox 753 1300 773 1335; x_wconf 80' lang='grc' dir='ltr'>τὸ</span> 
     </span>
     <span class='ocr_line' id='line_1_16' title="bbox 13 1360 773 1407; baseline -0.004 -8"><span class='ocrx_word' id='word_1_132' title='bbox 13 1361 40 1400; x_wconf 82' lang='lat' dir='ltr'>ed.</span> <span class='ocrx_word' id='word_1_133' title='bbox 53 1364 84 1399; x_wconf 82' lang='lat' dir='ltr'>tlt.</span> <span class='ocrx_word' id='word_1_134' title='bbox 401 1360 448 1407; x_wconf 73' lang='grc' dir='ltr'><em>ἄρσεν</em></span> <span class='ocrx_word' id='word_1_135' title='bbox 468 1366 525 1407; x_wconf 76' lang='lat' dir='ltr'>trum,</span> <span class='ocrx_word' id='word_1_136' title='bbox 549 1361 569 1394; x_wconf 81' lang='grc' dir='ltr'>τὸ</span> <span class='ocrx_word' id='word_1_137' title='bbox 593 1364 635 1404; x_wconf 67' lang='grc' dir='ltr'>θῆλυ</span> <span class='ocrx_word' id='word_1_138' title='bbox 660 1364 773 1407; x_wconf 77' lang='lat' dir='ltr'>cupiditatem</span> 
     </span>
     <span class='ocr_line' id='line_1_17' title="bbox 37 1421 491 1469; baseline -0.002 -11"><span class='ocrx_word' id='word_1_139' title='bbox 37 1424 57 1469; x_wconf 81' lang='lat'>3]</span> <span class='ocrx_word' id='word_1_140' title='bbox 68 1422 100 1457; x_wconf 77' lang='lat' dir='ltr'>uis.</span> <span class='ocrx_word' id='word_1_141' title='bbox 113 1421 163 1465; x_wconf 68' lang='grc' dir='ltr'><strong><em>δῆλος.</em></strong></span> <span class='ocrx_word' id='word_1_142' title='bbox 401 1421 491 1469; x_wconf 83' lang='lat' dir='ltr'>siguificat.</span> 
     </span>
     <span class='ocr_line' id='line_1_18' title="bbox 36 1480 383 1528; baseline 0 -12"><span class='ocrx_word' id='word_1_143' title='bbox 36 1482 56 1528; x_wconf 78' lang='lat'>4]</span> <span class='ocrx_word' id='word_1_144' title='bbox 69 1482 142 1527; x_wconf 84' lang='lat' dir='ltr'>Reliqua</span> <span class='ocrx_word' id='word_1_145' title='bbox 154 1482 226 1525; x_wconf 84' lang='lat' dir='ltr'>desunt,</span> <span class='ocrx_word' id='word_1_146' title='bbox 239 1480 275 1528; x_wconf 50' lang='lat' dir='ltr'>{sed</span> <span class='ocrx_word' id='word_1_147' title='bbox 287 1482 383 1527; x_wconf 84' lang='lat' dir='ltr'>supplenda</span> 
     </span>
    </p>
   </div>
   <div class='ocr_carea' id='block_1_5' title="bbox 0 0 888 2987">
    <p class='ocr_par' dir='ltr' id='par_1_5' title="bbox 0 0 888 2987">
     <span class='ocr_line' id='line_1_19' title="bbox 0 0 888 2987; baseline 0 1"><span class='ocrx_word' id='word_1_148' title='bbox 0 0 888 2987; x_wconf 95' lang='lat' dir='ltr'> </span> 
     </span>
    </p>
   </div>
  </div>
 </body>
</html>
