1789 2987
82 258 96 300 2
321 250 442 288 BARNABAE
454 251 568 289 Ertsrotn.
587 254 599 288 t.

82 363 134 416 quia,
151 361 196 402 dum
212 359 235 402 ed
252 371 289 401 vos
306 360 410 414 adloquor,
427 361 487 403 nrrdta
502 363 548 404 mihi
560 364 612 405 hona
622 365 765 403 successerunt
776 361 795 403 in
806 362 838 403 ria

83 432 204 485 ¹aequitetis
220 432 305 472 Domini.
336 431 391 482 ideo,
407 429 507 485 ²hatres,
524 438 543 475 et
559 445 598 488 ego
616 433 682 487 cogito
699 431 784 487 diligere
800 445 838 475 vos

79 515 141 556 super
157 503 241 542 animaru
258 514 331 551 mecum
349 502 393 554 quia
410 504 526 556 rnngnitudo
542 504 589 545 fidei
605 508 624 545 ei
640 504 719 544 dilectio
731 502 806 543 habitat
817 505 836 544 iu

79 572 136 625 3illo,
152 577 172 613 et
187 585 235 626 spes
250 574 304 613 uitae
320 571 394 613 tutius.
421 572 517 628 Cogitaus
534 587 584 629 ergo
601 576 639 615 hoc
654 598 681 602 -
693 572 765 626 ⁵qiiasi
776 585 837 614 curae

78 642 207 694 miminerit,
225 647 246 683 ut
262 643 365 683 uobiscum
381 643 456 695 partiar

78 705 117 770 ἀφ’
132 705 158 754 οὗ
173 707 249 764 {heatior
263 708 341 768 μέρους
372 744 376 754 .
407 742 412 751 .
443 727 493 753 .ex
509 726 541 765 eo,
557 714 611 767 quod
627 715 695 767 accepi
709 738 735 743 —
751 713 836 754 futurum

78 813 83 822 .
119 812 448 822 ..........
467 782 526 834 mihi,
552 784 624 824 talihns
647 781 767 836 ⁶spiritihus
790 796 837 824 ser-

228 884 233 892 .
263 884 268 893 .
299 883 304 892 .
325 846 449 894 ἐσπούδασα
467 853 539 904 utenti,
561 853 633 893 hocin
650 852 755 905 mercede,
780 849 837 893 ⁷ad-

77 918 131 964 need
146 918 220 979 μικρὸν
236 915 281 976 ὑμῖν
297 919 393 979 πέμψαι,
414 917 449 962 ihc
467 923 573 976 properavi
589 934 652 975 pauca
672 922 729 962 vohis
751 923 836 973 mittere,

76 988 132 1046 perd
147 993 185 1049 τῆς
198 990 292 1040 niocetae
303 986 359 1044 ὑμῶν
368 988 449 1033 τελείαν
467 997 487 1034 ut
503 992 561 1033 fidem
578 997 733 1033 consummatam
748 991 836 1033 habeatis

77 1058 138 1118 {pisce
153 1061 187 1103 καὶ
201 1057 239 1119 τήν
254 1060 353 1115 γνῶσιν.8
467 1066 486 1103 et
501 1062 610 1103 scientiane

77 1134 127 1174 Tres
143 1138 190 1174 sunt
206 1131 273 1188 ⁹ergo
293 1130 308 1156 ¹⁰
316 1133 469 1173 constitutiones
486 1132 575 1172 Domini:
594 1130 672 1173 11uitae
688 1144 742 1185 spes,
758 1132 835 1173 initium

75 1207 94 1243 et
120 1204 270 1245 consummatio.
317 1202 430 1256 Propalauit
456 1202 507 1243 eninr
533 1202 630 1243 Douu'nus
656 1214 693 1255 per
717 1202 833 1255 Prophetas,

78 1271 155 1327 ¹²quae
170 1274 328 1326 praeterierunt,
350 1276 369 1312 et
388 1269 526 1313 ¹³iuturorurn
547 1271 600 1312 dedit
620 1273 679 1313 nohis
700 1273 754 1313 initiu
775 1272 834 1313 scire.

99 1367 117 1410 1]
130 1366 142 1399 4.
155 1378 170 1399 e.
183 1368 252 1411 pratia,
265 1367 375 1410 hattipttt'tnte·
462 1363 526 1408 dhsol.]
547 1378 571 1396 z
590 1361 667 1400 'taradros
691 1364 720 1394 τοῦ
743 1360 835 1404 πνεύματος

98 1424 118 1467 2]
132 1422 190 1456 Codex
204 1422 312 1456 Corheiensis
327 1422 380 1455 hahet
395 1426 442 1468 sore,
462 1420 587 1466 ὑπουργοῦντος,
613 1422 624 1454 t'.
645 1432 660 1455 θ.
682 1434 736 1467 partun
757 1423 834 1467 spirituc

74 1481 120 1526 quod
133 1481 159 1514 hic
172 1492 223 1514 seusu
236 1486 288 1514 caret.
312 1480 373 1513 moun
391 1480 443 1514 dnbio
462 1483 512 1515 cotis
526 1481 608 1524 (initiunt
621 1482 694 1515 nercict.

73 1545 123 1573 uetus
136 1540 220 1583 interpres
232 1541 323 1583 scripserat
336 1537 388 1580 FRS,
402 1540 413 1570 i.
427 1549 442 1570 e.
486 1538 505 1581 7]
519 1537 548 1570 his.
562 1539 671 1582 adpropiaci.

72 1600 147 1641 fratrae,
161 1597 207 1642 qnod
220 1597 297 1631 librarius
307 1596 375 1641 qnidam
387 1597 443 1640 inepte
486 1594 504 1636 Si
518 1593 583 1628 Graeca
597 1594 641 1629 haee
654 1602 720 1631 exstant
733 1596 777 1641 apud
791 1599 833 1633 Cte-

72 1656 88 1688 in
101 1659 141 1700 sore
153 1656 230 1689 mutarit.
462 1659 534 1687 triantem
546 1655 598 1688 Atta.
612 1652 673 1688 Strom.
686 1655 706 1688 tt.
718 1665 732 1689 c.
742 1657 758 1689 6,
767 1667 783 1700 p.
793 1656 833 1689 445.

96 1713 115 1755 3)
128 1713 141 1747 t.
151 1725 166 1746 e.
179 1714 196 1746 iu
205 1713 270 1755 haere,
284 1714 300 1746 in
309 1712 340 1745 hac
350 1711 442 1745 dilectione
462 1710 489 1744 cd.
503 1709 546 1743 Pott.
561 1711 620 1744 Venet.
637 1712 686 1745 1757.

72 1771 143 1814 proximi
156 1781 197 1803 uera
210 1771 287 1803 consistit
300 1770 382 1811 dilectio,
401 1780 441 1803 uera
484 1768 503 1809 9)
517 1765 746 1815 Ergo=0dn=uampp
770 1770 833 1804 Sensus

71 1828 113 1862 fides
127 1834 144 1862 et
156 1828 203 1862 firma
216 1839 261 1872 spes.
287 1827 341 1861 Aliter
356 1827 384 1860 alii
397 1826 442 1860 hunc
462 1830 497 1857 est:
514 1827 565 1860 Totis
582 1828 600 1860 in
616 1828 649 1869 fide
666 1834 681 1862 at
694 1829 770 1863 scientia
781 1841 833 1874 pro-

70 1886 127 1919 iocum
152 1888 290 1930 interpretantur.
333 1886 441 1920 Stdmitzerus
460 1895 570 1929 pressus
591 1884 628 1920 Deo
648 1887 716 1930 placet,
742 1888 772 1930 qui
794 1888 833 1932 ipse

70 1943 124 1977 uerba
137 1946 156 1978 in
168 1946 199 1978 itio
215 1943 237 1975 ud
256 1943 375 1977 antecedentia
389 1946 440 1988 inp'n-
462 1947 510 1975 tres
527 1944 615 1986 produn·
633 1945 652 1977 in
665 1945 757 1978 obtinendo
774 1947 833 1980 satiata

71 2014 113 2037 crint
125 2003 210 2046 spiritum
222 2000 286 2042 resen,
305 2000 350 2034 huuc
366 2001 443 2044 spiritum
462 2000 557 2034 ordinavit.

71 2059 144 2092 infusum
161 2054 225 2091 iontem
243 2058 349 2100 dilectionis,
368 2057 408 2090 srdci
426 2064 443 2091 et
488 2058 516 2099 tu)
530 2057 619 2101 attero-sni,
635 2059 761 2093 ordinationes.

72 2117 109 2160 spei
126 2126 165 2149 esse
182 2115 274 2149 affirmans.
300 2119 322 2150 In
338 2118 369 2150 ittc
383 2130 406 2145 =
425 2118 443 2149 iu
489 2116 516 2156 lt}
538 2118 586 2150 Vitae
604 2126 645 2160 apae
664 2125 696 2159 per
715 2117 832 2151 oeconomiam

72 2176 148 2209 Dciuino
161 2185 206 2216 esse,
219 2173 293 2207 Henrico
306 2172 367 2207 Rhode
380 2173 443 2216 placet.
462 2178 538 2207 ueterem
558 2174 619 2218 generi
639 2173 712 2207 hnmano
732 2176 832 2219 proposita;

95 2233 114 2272 4)
128 2230 140 2264 l.
153 2242 168 2264 e.
182 2239 267 2266 aeternae.
461 2233 533 2266 initiunt
549 2234 595 2267 citae
612 2243 642 2276 per
654 2232 727 2276 primurn
740 2232 832 2267 aduentum

95 2290 114 2331 5}
127 2288 208 2322 Fortasse
222 2290 237 2321 iu
250 2299 313 2333 graeco
327 2287 443 2333 legebaturto}
461 2288 522 2322 Christi
540 2294 557 2322 et
576 2289 691 2322 fundationem
710 2291 759 2334 regni
778 2290 831 2324 divini

70 2345 212 2389 σπουδασιέμενος,
229 2359 268 2381 cunr
281 2348 325 2381 inihi
337 2358 391 2381 curae
403 2358 443 2382 canc
460 2348 477 2380 in
490 2348 545 2390 terris,
559 2348 687 2382 coitaununctio
696 2349 743 2383 citae
751 2348 768 2382 iu
777 2358 831 2393 regno

70 2409 132 2441 soient.
155 2405 228 2437 Sensus:
242 2407 334 2449 Reputans
343 2411 392 2439 mut
401 2417 442 2439 curu
461 2404 518 2439 diuino
531 2406 549 2438 in
562 2404 622 2437 coetis.

70 2469 169 2498 consuetus
182 2464 276 2496 cutiacum
288 2463 353 2505 partui
367 2480 386 2485 —
401 2464 442 2496 ione
484 2464 514 2507 12)
526 2466 578 2506 [iriae
590 2465 727 2508 praeterierunt,
742 2463 753 2495 i.
768 2473 783 2496 e.
797 2473 830 2496 ve-

69 2532 97 2555 rne
108 2524 148 2567 fore
160 2521 273 2561 meriturum,
288 2521 307 2553 ei
319 2520 369 2554 cobis
381 2521 513 2581 epiri-lterem
543 2521 662 2555 oeconomiam
686 2519 769 2553 Dominus
799 2530 831 2564 per

70 2582 143 2615 tuatiter
154 2580 235 2614 aei-etan
248 2583 281 2611 etc.
449 2579 552 2628 pproptretas
570 2579 657 2622 fundavit,
675 2579 755 2622 instituit,
774 2578 830 2623 palam

94 2637 113 2678 6)
126 2637 157 2670 tus.
174 2638 253 2681 spirituc
270 2637 374 2671 servientes.
401 2629 506 2690 Poe-ptem
530 2638 560 2672 his.
573 2638 617 2671 mate
630 2640 665 2683 put.

70 2701 117 2730 torus
142 2695 222 2737 conjicit:
254 2696 321 2740 spiritu
345 2690 451 2736 emeterium
484 2696 514 2740 13)
534 2695 547 2728 I.
569 2708 584 2730 ei
605 2707 637 2730 nos
657 2697 690 2741 ipsi
710 2698 764 2731 iru'tin
784 2699 830 2732 ettae

70 2752 179 2787 Schnitzerus
196 2752 222 2797 [in
241 2753 342 2787 recensione
362 2721 538 2797 editionisdvtuimns,
551 2755 561 2788 i.
572 2765 586 2788 e,
596 2754 711 2789 fundationem
720 2755 768 2800 regni
776 2754 829 2789 divini

69 2814 244 2857 nostrae):epiritus
254 2812 350 2847 servientis
360 2782 476 2854 [Genitivdin
496 2814 561 2858 terris,
583 2824 627 2858 quae
647 2813 695 2848 simul
715 2814 782 2847 initium
803 2818 829 2847 est
