1765 2987
228 178 334 215 srtsroca
347 178 376 214 AD
390 179 525 216 prosuerunt.
538 180 567 215 XI.
579 180 616 215 Xll.
759 181 802 225 319

45 291 115 334 doctor
130 288 163 331 fio.
194 287 250 337 Quae
266 288 313 329 mihi
326 288 396 330 tradita
412 295 464 343 sunt,
480 290 607 333 subministro
617 289 648 343 iis,
665 290 699 343 qui
711 289 803 343 discipuli

44 363 93 404 fiunt
113 360 168 415 digni
188 361 279 402 veritate.
311 359 360 408 Quis
381 361 433 402 enim
454 367 510 404 recte
533 362 617 403 edoctus
639 366 658 403 et
678 362 702 403 ab
719 360 801 402 ¹amioo

44 431 110 474 Verbo
126 435 242 485 generatus,
258 442 298 472 non
309 430 390 472 studeat
399 437 492 474 accurate
504 433 588 486 discere,
606 445 657 486 quae
667 446 704 487 per
714 433 802 474 Verbum

44 503 98 545 clare
109 505 196 542 ‘ostensa
211 505 257 546 sunt
274 501 382 556 discipulis,
399 503 470 555 quibus
482 516 505 545 ea
517 503 625 545 declaravit
635 504 722 545 Verbum
737 504 801 558 ipsum

44 584 149 628 apparens,
165 573 229 613 libere
240 572 332 626 loquenS,
349 572 372 613 ab
384 573 491 615 incredulis
503 586 543 615 non
555 574 682 626 intellectum,
699 573 800 627 discipulis

43 650 107 687 autern
124 643 242 697 colloquens
247 657 253 694 ;
271 643 310 697 qui,
325 643 397 688 fideles
413 645 437 686 ab
454 657 478 686 eo
495 644 612 697 existimati,
628 644 691 685 Patris
707 644 801 698 mysteria

43 714 200 770 cognoverunt?
231 713 292 768 Cujus
314 714 344 755 rei
364 715 427 768 gratia
447 716 479 755 hie
495 716 583 756 Verbum
604 714 666 766 misit,
688 718 710 755 ut
728 713 801 755 mundo

43 789 148 840 appareret
154 798 160 835 ;
176 784 237 838 quod,
253 785 350 838 apopulo
362 789 490 837 contemtum,
505 785 529 824 ab
541 784 644 838 Apostolis
660 783 801 836 praedicatum,

42 869 53 897 a
69 854 164 910 gentibus
180 858 210 895 est
225 854 328 896 creditum.
359 854 395 896 Hic
406 856 430 896 ab
442 855 497 896 initio
512 859 561 907 erat,
578 855 611 908 qui
625 866 691 895 novus
705 853 801 907 apparuit,

43 929 62 966 et
77 922 152 966 Qvetus
166 926 261 969 inventus
277 929 314 977 est,
330 929 350 966 et
365 937 445 980 semper
462 926 564 967 recensio
579 928 694 966 sanctorum
707 924 801 966 cordibus

41 996 135 1036 nascitur.
166 996 201 1037 Hic
217 997 362 1050 sempiternus,
384 995 444 1037 hodie
462 996 513 1037 filius
534 1001 565 1038 est
586 998 723 1049 nuncupatus,
745 993 801 1049 ³per

42 1078 100 1119 quern
123 1065 207 1108 ecclesia
229 1067 312 1119 ditatur,
336 1071 356 1108 et
376 1068 441 1123 gratia
463 1079 552 1120 expansa
572 1066 592 1106 in
612 1066 687 1106 sanclis
708 1071 799 1121 augetur,

41 1136 140 1190 praebens
155 1137 288 1190 intellectum,
304 1137 427 1191 patefaciens
443 1138 549 1190 mysteria,
568 1137 687 1177 annuntians
703 1140 799 1190 tempora,

41 1206 131 1260 gaudens
148 1218 209 1261 super
224 1207 327 1260 fidelibus,
349 1208 490 1262 quaerentibus
507 1206 595 1259 donans,
614 1219 625 1247 a
641 1206 712 1260 quibus
728 1206 799 1247 limites

40 1275 86 1316 fidei
109 1288 149 1318 non
170 1276 333 1331 perfringuntur,
358 1290 424 1331 neque
446 1276 535 1318 llimites
556 1282 633 1330 patrum
656 1276 798 1317 transiliuntur.

40 1345 118 1387 Deinde
134 1351 198 1388 metus
213 1347 265 1401 lepis
282 1347 408 1399 decantatur,
425 1352 445 1388 et
459 1346 602 1400 prophetarum
618 1345 700 1401 ⁵gratia
718 1358 799 1401 cogno-

40 1416 112 1467 scitur,
135 1420 155 1456 et
171 1417 323 1472 evangeliorum
338 1417 388 1458 fides
405 1417 512 1469 stabilitur,
531 1421 551 1457 et
567 1417 705 1470 apostolorum
720 1415 799 1457 traditio

40 1485 157 1538 custoditur,
174 1491 194 1527 et
210 1488 309 1528 ecclesiae
325 1489 389 1542 gratia
405 1488 497 1528 exsultat.
526 1487 588 1535 Quam
599 1488 683 1541 gratiam
694 1500 735 1528 non
747 1499 800 1527 cou-

40 1556 120 1596 tristans
137 1569 167 1609 ea,
184 1570 234 1610 quae
250 1558 333 1599 verbum
348 1558 441 1611 loquitur,
458 1568 571 1611 cognosces
582 1569 619 1610 per
630 1570 673 1610 eos,
690 1569 741 1611 quos
753 1556 799 1609 vult,

40 1630 59 1665 et
75 1626 154 1679 quando
171 1628 190 1667 ei
205 1627 265 1668 lubet.
296 1624 449 1680 6Quaecunque
465 1628 517 1667 enim
533 1627 625 1668 voluntas
638 1628 727 1681 jubentis
738 1627 800 1668 Verbi

39 1707 77 1736 nos
92 1709 138 1747 ,cum
155 1696 220 1737 studio
237 1696 304 1750 eloqui
320 1697 425 1749 excitauit,
442 1710 468 1737 ex
485 1698 591 1739 dilectione
607 1709 676 1739 eorum
693 1710 745 1751 quae
762 1709 799 1737 re-

40 1766 105 1806 velata
122 1770 168 1808 sunt
183 1767 241 1808 nobis
257 1767 362 1808 vobiscum
378 1767 552 1809 communicamus.

39 1893 79 1935 Xll.
113 1895 244 1937 reiteratam·
260 1897 348 1938 interest
361 1896 465 1937 latratuum
470 1928 476 1947 ,
499 1910 570 1937 cerum
591 1897 730 1950 copnita'onem
747 1908 799 1948 per-

113 1966 194 2017 cipere,
211 1979 265 2019 quoc
281 1979 327 2007 cunt
341 1979 393 2007 cero
408 1968 453 2006 utra
469 1968 583 2018 conjuncto
598 1979 643 2007 esse
660 1966 725 2006 debet.

98 2047 154 2096 Quae
171 2061 230 2101 quum
246 2049 337 2104 legeritis
354 2052 374 2089 et
389 2048 490 2090 audieritis
507 2049 609 2101 studiose,
630 2049 709 2100 scietis,
726 2051 799 2101 quanta

38 2118 135 2171 praebeat
151 2117 206 2159 Deus
222 2119 258 2171 iis,
277 2120 310 2172 qui
326 2122 382 2159 recte
398 2119 462 2173 ipsum
479 2118 573 2172 diligant,
596 2115 687 2172 ⁷quippe
703 2118 737 2171 qui
753 2117 800 2157 facti

39 2189 82 2230 sitis
97 2188 201 2243 paradisus
218 2186 363 2240 Sdeliciarum,
385 2189 478 2229 arborem
495 2188 591 2229 fructibus
610 2189 689 2242 plenam
704 2188 799 2240 belleque

39 2259 183 2312 germinantem
198 2258 218 2299 in
234 2258 291 2299 uobis
308 2259 356 2311 ipsis
372 2258 519 2312 producentes,
537 2259 596 2299 uariis
613 2258 709 2299 fructibus
727 2256 798 2297 ornati.

39 2327 60 2368 ln
76 2326 132 2370 ⁹hoc
148 2330 199 2370 enim
215 2329 261 2370 loco
277 2329 353 2383 lignum
370 2329 491 2383 cognitionis
508 2333 528 2369 et
538 2329 613 2382 liguum
626 2330 680 2369 vitae
690 2328 797 2381 plantatum

61 2408 81 2450 5)
94 2408 107 2441 1.
117 2419 133 2441 e.
142 2409 206 2453 gratia,
220 2419 252 2454 qua
261 2407 358 2453 Prophetae
368 2409 409 2442 illu·
428 2413 472 2444 auct
491 2411 565 2454 aufolpc
582 2420 659 2444 rrrrsercr
677 2407 756 2453 Hinpoba
774 2416 798 2440 art

39 2466 97 2500 minati
109 2472 153 2501 sunt.
428 2470 460 2503 dos
472 2479 509 2502 uras
521 2479 562 2501 corre
574 2469 633 2511 Lepos
644 2463 785 2511 Geofferrberte.“

452 2524 470 2566 7)
491 2522 520 2563 Oi,
541 2523 586 2568 quod
606 2522 685 2556 bleranus
706 2521 797 2557 delendum

63 2583 82 2625 6)
99 2581 139 2617 Otto
155 2583 214 2617 uertit:
233 2585 301 2627 „Dareo
318 2595 357 2618 tous
374 2584 410 2618 cuir
427 2586 484 2627 putat,
498 2579 595 2614 defenditur
607 2590 616 2613 a
629 2580 697 2613 llolteo.

39 2644 85 2675 rtacb
101 2643 138 2677 dem
158 2643 222 2676 Willcn
239 2644 277 2676 urnt
293 2643 318 2676 im
333 2644 409 2687 Auso-op
451 2640 470 2685 8)
482 2638 593 2673 Hoffmfinssus
606 2638 684 2682 00njicil=
703 2636 759 2683 τρύγης
771 2654 796 2671 =

40 2697 71 2732 des
83 2700 143 2746 Lepos
160 2702 192 2734 nau
208 2701 342 2744 attsopforndcnt
357 2701 411 2745 Eifer
427 2700 499 2734 nucssic.

39 2757 169 2803 vertttadtpeu,
191 2758 224 2793 das
244 2758 307 2791 stetten
325 2759 360 2792 wir
379 2759 410 2792 ruit
451 2756 470 2799 9)
484 2754 541 2791 sein
553 2756 638 2801 paradiso.
658 2758 726 2790 Boane.
