1765 2987
81 152 90 169 0

245 187 352 224 nussum
364 187 395 223 no
408 170 542 224 urocnurim.
556 186 587 225 rv:
597 188 616 225 v.
768 190 810 233 305

53 297 150 341 situdines
166 309 202 351 pro
219 308 256 339 suo
273 297 368 339 arbitratu
385 296 531 352 ¹distribuere,
553 300 601 340 otius
620 297 644 339 ad
664 297 744 338 ²festos
761 295 811 349 dies,

54 370 102 416 alies
123 368 148 408 ad
169 366 273 419 ³luetum3
294 369 338 421 quis
359 367 398 409 hoc
418 370 481 410 cultus
502 370 574 421 divini,
596 374 615 410 et
635 382 676 410 non
699 368 811 409 dementiae

53 438 113 480 mutto
134 437 197 491 magis
219 436 312 478 indicium
333 438 467 479 existimabit?
498 439 622 480 “Communi
642 440 703 493 igitur
722 440 811 481 vanitate

54 513 73 551 et
89 519 166 560 errore,
183 512 203 548 et
217 508 340 549 iudaeorum
357 506 495 563 {operositate
511 514 571 562 atque
584 510 679 564 jactantia
692 512 739 564 jure
751 508 811 549 Ciui-

53 580 129 621 stiancs
150 578 264 630 abstinere,
289 583 310 619 te
330 579 409 621 abunde
428 580 522 622 didicisse
543 581 634 622 existimo
640 595 646 630 3
673 573 730 621 6'sed
750 579 811 620 divini

53 650 118 689 cuitus
141 648 179 688 iltis
201 649 276 702 proprii
300 651 416 704 mysterium
438 663 463 690 ne
486 654 506 690 te
529 650 553 690 ab
576 651 657 691 bomine
680 650 719 690 ulio
742 650 812 690 doceri

53 731 114 774 posse
129 730 207 773 speres.

196 896 197 899 Ἴ
276 848 299 887 V.
332 847 500 889 Cbristidnorum
515 861 589 890 mores.

113 926 234 970 ⁷Ctnistieni
250 929 301 969 enim
317 941 384 982 neque
399 930 492 984 regione=
509 942 576 983 neqne
590 930 664 985 lingua,
681 943 747 983 neque
759 930 812 971 vitae

53 1000 145 1040 institutis
161 1013 172 1040 a
188 999 260 1041 ceteris
276 999 388 1040 bominibus
404 1004 450 1040 sunt
464 999 556 1041 distincti.
582 1000 632 1041 Nom
644 1013 710 1055 neque
720 1000 812 1054 proprios

53 1071 144 1111 civitates
159 1061 260 1122 incolunt,
281 1082 347 1123 neque
362 1070 430 1125 lingua
447 1075 527 1112 utuntur
543 1063 650 1124 pernbart,
669 1084 736 1124 neque
751 1072 812 1111 vitam

13 1143 15 1146 ’
53 1140 128 1195 degunt
144 1140 256 1181 discretam.
281 1140 353 1194 Neque
368 1142 489 1195 cogitatione
503 1142 586 1194 quadem
598 1147 618 1183 et
628 1142 729 1183 bominum
741 1142 812 1182 curio-

53 1223 121 1252 sorum
137 1210 272 1252 sollicitudine
287 1211 337 1265 lineo
354 1207 473 1264 8disciptinc
490 1213 513 1252 ab
530 1213 559 1253 eis
575 1217 606 1253 est
621 1210 729 1264 ⁹inventn,
745 1225 812 1264 neque

53 1283 111 1323 elicui
131 1283 218 1337 dogmati
237 1282 323 1323 humano
344 1282 506 1336 patrocinantur,
529 1283 579 1324 sicut
595 1283 690 1324 nonnulii.
722 1282 761 1324 Sed
777 1283 812 1322 in-

53 1352 144 1393 eoientes
155 1353 224 1406 purtim
236 1364 326 1405 graecas,
343 1353 413 1405 partim
424 1345 520 1393 barbaras
532 1354 627 1405 civitates,
644 1358 703 1406 prout
715 1354 812 1406 cujusque

52 1434 98 1464 sors
112 1423 161 1475 tulit,
179 1420 196 1446 ¹⁰
204 1427 224 1463 et
235 1422 373 1477 indigenarum
384 1423 470 1464 instituta
482 1427 591 1476 sequentes
602 1423 621 1463 in
633 1424 707 1463 vestitu
717 1424 812 1474 victuque

52 1497 72 1534 et
88 1494 168 1545 cereus,
184 1505 236 1546 quae
252 1493 351 1534 advitam
367 1493 473 1547 pertinent,
490 1494 598 1534 mirabilem
612 1499 632 1534 et
645 1493 697 1534 iraud
709 1492 768 1534 dubie
779 1494 812 1534 in-

53 1563 167 1604 credibilem
183 1565 236 1604 vitae
251 1575 300 1604 suae
313 1564 411 1604 rationem
424 1563 487 1605 ocutis
501 1565 575 1604 nostris
589 1568 710 1617 proponunt.
735 1563 811 1604 Patrius

52 1634 144 1688 proprias
160 1633 279 1686 inhabitent,
302 1633 338 1674 sed
353 1638 445 1686 tanquam
468 1632 588 1687 “inquilini
621 1633 691 1674 Omnia
708 1646 752 1674 cum
768 1633 811 1674 otiis

52 1705 125 1746 babent
147 1697 258 1746 eommunia
279 1708 301 1745 ut
322 1705 389 1755 cives3
414 1708 434 1745 et
454 1705 519 1745 omnia
540 1705 640 1757 patiuntur
660 1709 681 1745 ut
701 1700 810 1758 peiegrini.

53 1775 121 1817 Omnis
140 1772 271 1829 ¹³²peregrina
283 1775 341 1829 regio
355 1787 425 1816 eorum
436 1779 467 1816 est
477 1775 552 1828 panim
569 1780 588 1815 et
600 1776 663 1815 omnis
674 1774 736 1828 petria
747 1786 810 1827 pere—

51 1847 116 1900 grino.
142 1846 221 1886 Uxores
238 1845 312 1886 ducunt
328 1850 349 1886 ut
365 1857 441 1897 omnes,
458 1849 478 1885 et
492 1846 567 1886 liberos
583 1849 701 1899 procreent;
717 1843 810 1884 sednon

52 1916 147 1970 abjiciunt
159 1916 232 1956 foetus.
255 1916 345 1957 Mensam
358 1928 483 1957 ecromunem
495 1912 575 1968 hinem,
590 1928 631 1957 non
644 1927 694 1956 vero
712 1911 810 1954 ¹³teerum

74 2007 93 2049 t)
107 2006 141 2042 cfr.
149 2009 234 2050 neander,
244 2006 373 2041 turen-mser.
382 2007 421 2042 edit.
440 2007 502 2041 codicis
516 2007 577 2051 expiet.
591 2006 656 2040 -Simiii
671 2006 722 2040 modo
734 2008 809 2040 Tertul-

50 2064 71 2098 ΙΙ,
86 2065 104 2099 Τ.
117 2064 130 2098 Ι.
145 2065 160 2098 1.
174 2076 191 2110 p.
205 2065 244 2099 118.
440 2067 501 2100 urion
514 2075 582 2110 quoque
595 2065 677 2110 (Apolog.
691 2076 705 2098 c.
716 2063 746 2108 39]
760 2063 811 2096 dicit:

74 2124 93 2167 8)
107 2123 180 2158 Codices
194 2122 361 2167 habentlnudp'pan.
440 2125 504 2158 Ornnr'a
525 2126 624 2159 indiscreta
643 2130 686 2158 mnu
707 2125 754 2168 apud
777 2133 811 2156 nos

74 2182 234 2227 9)bis.eip1p‹r'1or
246 2196 267 2214 =
280 2184 305 2216 iis
313 2182 420 2225 nimiiuturn,
438 2188 598 2226 praeteriremus.
624 2184 663 2216 Otto
681 2179 765 2225 (Opprs.
778 2178 811 2212 Ju-

51 2240 96 2284 quod
115 2240 193 2274 defendit
206 2243 245 2281 Otto
264 2239 316 2283 (Opp.
330 2238 346 2272 S.
360 2237 421 2272 Justini
439 2239 478 2272 stini
491 2251 507 2283 p.
521 2239 561 2282 478³
574 2239 629 2283 Epist.
643 2239 664 2273 ad
678 2240 739 2284 Diogn.
753 2237 810 2283 p.89)

50 2308 67 2341 p.
80 2298 120 2332 477.
138 2304 155 2333 et
171 2297 225 2342 Epist.
244 2298 264 2332 ad
280 2297 342 2343 Dicgu.
354 2308 371 2341 p.
385 2297 421 2340 88).
440 2296 810 2343 adtidemcodicisArgentorntensislegit:

50 2355 86 2390 seu
102 2357 133 2391 eir.
146 2357 202 2390 iocum
215 2356 273 2401 parali.
288 2366 302 2389 c.
317 2356 337 2388 7:
356 2352 376 2386 od
392 2353 422 2399 γάρ
440 2353 472 2387 etr
490 2353 509 2388 ου’
527 2354 589 2398 roario,
607 2357 617 2390 i.
631 2367 646 2390 e.
662 2367 698 2391 non
711 2357 808 2400 diriperent,

50 2412 129 2458 ἐπίγειον,
155 2413 177 2452 οἷς
197 2414 254 2457 ἔφην,
279 2411 358 2458 εὕρημα
378 2408 422 2446 τοῦτ’
439 2426 475 2449 non
498 2417 590 2460 pollutum.
624 2414 641 2448 Si
665 2414 720 2458 ipsum
743 2411 809 2454 audias,

50 2469 104 2510 αὐτοῖς
116 2471 205 2518 παρεδόθη.
440 2472 539 2516 Anonymus
555 2478 614 2506 noster
629 2472 669 2506 voci
685 2466 738 2511 κοινήν
752 2469 809 2512 dupii-

63 2530 94 2577 10]
107 2532 137 2565 tts.
150 2530 167 2563 ἓν
178 2534 216 2567 τοῖς.
276 2566 279 2569 ,
440 2541 478 2564 cern
489 2531 536 2563 dedit
548 2541 626 2565 sensum:
640 2529 657 2570 α)
668 2543 692 2559 =
702 2529 808 2570 cummunis,

63 2589 94 2635 11)
110 2588 192 2634 Πάροικοι.
217 2588 252 2622 cfr.
270 2591 279 2623 Ι
298 2590 381 2625 Oicment.
400 2589 422 2622 ad
439 2590 459 2630 β)
470 2591 593 2633 :inrpnrnsJ
606 2589 692 2633 potiolus
709 2584 809 2618 Germanice

51 2645 127 2681 Corinth.
141 2659 156 2681 c.
171 2647 186 2679 i.
200 2647 239 2681 Not.
253 2647 269 2681 3.
439 2646 484 2679 hunc
495 2646 552 2679 locum
565 2647 591 2680 vir
604 2646 649 2678 doct.
658 2644 720 2677 vertit:
734 2646 765 2678 Sic
774 2646 809 2678 bn-

63 2704 93 2748 12)
106 2704 156 2747 Ξένη,
173 2716 197 2739 sc.
214 2701 260 2747 χώρα
272 2705 310 2738 sive
323 2707 347 2749 γῆ.
367 2708 420 2739 Ordo.
439 2707 470 2739 ben
483 2706 533 2739 cireen
544 2705 673 2749 perneinsunren
685 2704 752 2745 ursin,
769 2704 811 2737 aber

63 2761 93 2806 13)
107 2757 132 2796 Οὐ
145 2764 205 2805 κοίτην.
228 2762 253 2796 Ita
266 2762 344 2798 bleranus
361 2734 487 2808 larunainicbt
498 2761 549 2798 einen
561 2764 656 2808 penwinan.

86 2834 130 2859 Patres
139 2836 181 2866 apost.
194 2832 216 2858 ed.
227 2831 250 2860 tV.
640 2819 669 2864 20
