1765 2987
171 224 263 258 HElllllAE
276 223 366 257 PASTOR.
391 224 496 259 tlssEnln.
521 224 604 260 SIllllLlT.
618 225 645 259 IX.
747 225 790 267 417

34 345 86 387 ,non
102 331 166 383 rides,
184 342 220 371 eos
231 330 289 372 valde
300 330 398 373 rotundos
409 332 472 373 esse?
504 332 580 380 Quodsi
591 331 676 374 voluero
688 343 724 375 eos
736 345 789 387 qua-

32 407 99 446 dratos
114 402 216 455 redigere,
232 402 337 455 plurimum
353 402 399 443 mihi
416 416 442 444 ex
457 402 487 443 bis
498 402 628 442 recidendum
641 407 680 454 est3
696 403 732 443 sed
748 415 789 443 ne-

32 485 89 515 ccsse
106 475 137 511 est
152 471 230 523 aliquos
247 472 318 513 ex'his
334 472 353 513 in
365 476 482 515 structuram
493 472 553 514 turris
564 473 669 514 mansuer
701 473 725 513 Et
736 473 788 514 dixi:

32 544 62 596 ,si
77 552 164 581 necesse
181 545 227 592 est,
239 541 285 593 quid
301 542 361 596 igitur
376 547 396 583 te
410 543 510 596 implicas,
527 547 547 582 et
562 555 602 583 non
617 543 687 597 eligis,
703 543 721 583 si
737 554 788 596 quos

29 613 91 654 babes
108 610 196 664 eligere,
213 614 233 650 et
249 615 305 662 aptas
320 612 340 650 in
356 615 474 666 structuram
490 611 573 652 illam‘?“
604 612 629 651 Et
644 612 718 666 clegit,
735 624 787 665 quos

29 682 77 724 vidit
87 680 185 720 maximos
198 683 217 718 et
232 680 411 733 splendidissimos,
428 686 447 722 et
465 679 598 721 ldeformavit
609 692 657 732 eos3
674 693 725 734 quos
736 682 788 722 sub-

28 754 78 793 latos
94 750 184 804 virgines
200 749 246 789 illae
261 750 280 789 in
297 741 430 792 exterioribus
446 752 536 803 partibus
547 755 660 792 structurae
670 755 789 803 posuerunt.

29 820 107 873 Reliqui
122 824 178 872 vero,
195 820 228 871 qni
240 820 389 873 superfuerunt,
405 810 489 874 repositi
501 821 576 861 suntin
588 819 679 861 eumdem
691 831 788 873 campum,

28 891 81 932 unde
97 890 176 943 sumpti
186 894 255 939 erant3
266 890 349 944 abjecti
364 903 414 932 vero
430 903 471 932 non
487 895 544 943 sunt,
568 890 701 944 „qn0niam‚“
718 881 789 943 inquit,

31 960 108 1014 „adhuc
125 960 220 1013 exiguum
236 959 294 1000 deest
303 960 349 1000 hnic
357 961 415 1012 turri,
432 960 485 1013 quod
497 960 641 1002 aedificandum
653 960 696 1012 erit,
713 964 732 1000 et
743 960 788 1001 for-

28 1032 77 1073 sitan
94 1029 136 1070 vult
151 1029 242 1071 dominus
258 1029 295 1070 hos
316 1030 391 1084 lapides
408 1031 470 1085 aptari
485 1032 505 1072 in
517 1044 540 1072 ea
551 1034 656 1083 structura,
673 1031 718 1084 quia
729 1030 788 1072 valde

29 1099 107 1142 candidi
128 1099 193 1140 sumt
221 1101 312 1141 locatae
333 1105 379 1141 sunt
400 1100 472 1141 deinde
490 1098 604 1141 ²mulieres
625 1101 788 1154 speciosissimae

29 1169 145 1222 duodecim,
161 1170 219 1224 nigra
235 1174 292 1210 ueste
308 1172 405 1223 vestitae,
427 1170 536 1223 incinctae,
558 1174 578 1211 et
599 1171 674 1211 exertis
690 1170 787 1223 humeris,

29 1241 144 1295 capillisque
160 1239 237 1280 solutis.
268 1241 393 1281 Videbantur
404 1244 468 1281 autem
480 1240 527 1280 milri
537 1233 576 1281 liae
586 1240 681 1281 mulieres
693 1245 787 1294 agrestes

29 1323 80 1352 esse.
101 1310 126 1350 Et
132 1310 193 1364 jussit
204 1321 238 1350 eas
249 1313 318 1363 pastor
328 1310 361 1350 ille
372 1310 443 1351 tollere
454 1309 531 1363 lapides
541 1310 593 1362 illos,
605 1310 639 1362 qui
651 1310 675 1350 de
687 1314 788 1351 structura

29 1382 87 1435 epecti
103 1385 171 1432 crant,
192 1384 212 1420 et
228 1391 264 1420 eos
279 1380 353 1420 reterri
368 1380 388 1421 in
403 1383 488 1431 montes,
504 1379 557 1420 unde
574 1380 632 1420 ablati
647 1380 732 1421 fuerant.
763 1380 788 1420 Et

27 1450 72 1490 illae
88 1450 199 1504 gaudentes
215 1450 338 1491 sustulerunt
354 1462 436 1502 omncs,
459 1455 479 1490 et
494 1442 651 1502 reportaverunt
666 1462 713 1502 eos,
734 1449 788 1490 unde

29 1521 113 1560 extracti
128 1520 214 1561 fuerant.
244 1521 349 1574 Postquam
366 1526 431 1561 aulem
445 1521 510 1561 nullus
521 1520 571 1572 lapis
583 1520 636 1560 circa
647 1520 717 1561 turrim
726 1521 787 1574 J'ace-

28 1593 65 1641 ret,
81 1591 107 1629 ait
123 1590 180 1630 milri:
198 1591 355 1642 „circumeamus
370 1590 422 1631 hanc
436 1590 512 1641 turrim,
529 1594 548 1630 et
563 1590 674 1642 videamus,
690 1590 786 1643 numquid

28 1660 100 1712 aliquid
118 1660 169 1701 desit
184 1661 231 1700 illi.“
263 1660 370 1715 Coepimus
387 1673 436 1715 ergo
453 1659 558 1700 circumire
574 1672 623 1700 eam.
654 1660 679 1700 Et
700 1663 721 1699 ut
735 1660 785 1701 vidit

28 1741 70 1769 eam
87 1729 183 1770 decenter
198 1731 326 1783 aedificatam,
343 1732 409 1784 coepit
419 1730 477 1771 valde
487 1730 556 1770 hilaris
568 1743 624 1780 esse;
639 1730 666 1770 ita
677 1731 728 1770 enim
746 1730 784 1771 de-

27 1805 96 1841 center
106 1801 209 1842 aedificata
220 1802 291 1854 fuerat,
308 1807 335 1853 ut,
352 1802 385 1854 qul
395 1801 484 1852 vidisset,
501 1801 654 1853 concupisceret
665 1804 784 1841 structuram

27 1871 80 1923 ejus5
97 1869 207 1924 ³quoniam
224 1873 280 1924 quasi
296 1872 321 1912 de
336 1884 377 1912 uno
387 1871 452 1925 lapide
464 1870 569 1911 videbator
580 1882 634 1921 esse,
650 1882 688 1910 nec
700 1883 784 1923 usquam

27 1942 156 1982 commissura
172 1943 286 1994 apparebat,
302 1942 339 1983 sed
355 1955 381 1982 ex
396 1945 452 1995 petra
468 1954 507 1982 una
522 1940 626 1981 uidebatur
642 1939 754 1991 exsculpta.

83 2011 108 2051 X.
138 2011 182 2065 Ego
199 2016 264 2053 antem
280 2011 395 2066 hujusmodi
409 2011 478 2053 turrim
494 2013 568 2051 attente
579 2008 710 2050 considerans
724 2009 784 2051 valde

26 2078 120 2120 laetabar.
151 2080 176 2120 Et
191 2081 217 2121 ait
233 2080 288 2122 mihi:
306 2081 370 2133 ,aller
381 2082 456 2122 calcem
467 2085 487 2121 et
497 2084 557 2121 testas
569 2080 661 2131 minutas,
677 2083 699 2120 ut
709 2079 784 2120 formas

27 2159 96 2190 eorum
111 2149 204 2204 lapidum,
221 2151 255 2203 qni
270 2151 342 2192 sublati
357 2156 404 2192 sunt
420 2144 445 2191 de
460 2145 559 2191 structura
575 2149 681 2191 etiterum
695 2150 785 2203 repositi,

27 2219 117 2271 expleam
122 2234 128 2270 3
142 2233 166 2261 ea
177 2220 236 2272 enirn,
247 2232 299 2273 quae
310 2222 363 2262 circa
372 2221 442 2269 turrim
454 2223 505 2272 sunl,
520 2220 585 2261 omnia
596 2220 679 2272 aequari
691 2219 783 2261 debent.“

26 2286 50 2328 Et
65 2289 111 2341 leci,
127 2291 178 2331 sicut
188 2291 246 2344 Jussit
257 2290 310 2343 mihi,
327 2295 347 2331 et
357 2291 412 2332 attuli
423 2290 447 2331 ad
458 2302 509 2331 enm.
539 2289 565 2331 Et
580 2290 607 2330 ait
617 2290 672 2330 mihi:
690 2293 784 2341 ,praesto

26 2356 79 2398 adsis
90 2358 147 2410 mibi;
164 2364 184 2400 et
195 2359 234 2400 cito
245 2359 345 2413 hocopus
356 2359 491 2412 perficietur
504 2353 508 2357 ⁵
522 2359 633 2414 Complevit
648 2371 698 2413 ergo
709 2358 783 2398 formas

26 2424 105 2468 illorum
120 2428 219 2482 lapidum,
241 2433 261 2469 et
280 2430 340 2483 jussit
359 2429 426 2471 locum
447 2429 538 2471 mundari
553 2430 606 2470 circa
621 2428 697 2468 turrim.
728 2428 784 2468 Tunc

27 2496 116 2551 virgines
131 2499 178 2539 illae
194 2498 370 2553 apprehenderunt
385 2511 463 2553 scopas,
480 2504 500 2540 et
515 2498 659 2539 mundaverunt
674 2501 747 2549 totum,
764 2500 784 2538 et

51 2611 69 2654 l)
86 2611 112 2645 lta
132 2619 179 2647 recte
200 2614 256 2648 codex
275 2613 333 2648 Lamb.
363 2613 396 2648 Alii
414 2619 453 2647 sunt
469 2614 572 2655 daemones,
589 2612 657 2656 spiritus
674 2611 743 2657 maligni
757 2627 781 2643 =

27 2672 134 2715 offcrncocit.
158 2670 257 2715 rCfr.supra
270 2684 283 2706 6,
298 2674 308 2706 6
322 2672 367 2706 eta,
414 2672 459 2705 vitia.
844 2709 850 2715 ¹

49 2727 68 2769 2)
83 2726 117 2763 cn.
130 2730 173 2763 intra
186 2740 201 2762 c.
213 2729 240 2763 ¹13,
254 2740 271 2773 p.
281 2729 322 2763 421.
334 2734 369 2763 not.
379 2728 395 2772 5,
437 2728 456 2771 3]
469 2728 534 2763 Laudat
542 2728 558 2762 h.
566 2728 576 2762 l.
584 2729 676 2773 Oripcucs,
685 2727 781 2762 Commeat.

27 2793 42 2818 o.
63 2785 84 2818 15
109 2791 127 2819 ct
151 2798 166 2820 c.
188 2786 215 2820 18.
259 2786 338 2821 lllulieres
362 2786 395 2820 hae
413 2787 429 2819 in
443 2784 494 2821 Osee,
507 2786 525 2819 T.
539 2785 559 2819 ll.
573 2797 589 2830 p.
603 2785 643 2818 439.
657 2786 684 2820 cd.
698 2785 752 2821 Rure.

62 2854 106 2880 Patres
115 2859 158 2888 apost.
170 2855 192 2882 ed.
203 2856 225 2884 tv.
613 2844 640 2887 27
