1765 2987
60 148 78 185 s.
90 147 187 192 rorarii]
351 145 523 186 rnonnoonsun.
777 149 819 183 arv
854 117 856 120 ¹

59 260 81 298 ut
95 256 184 296 virorum
200 254 305 295 doctorum
321 253 418 307 applausu
436 253 456 294 id
472 255 564 317 iaceret,
585 261 607 298 nt
626 257 738 308 neminem,
760 269 820 310 quem

60 327 131 378 sciam,
146 327 166 366 in
182 337 237 365 snam
254 324 343 364 traheret
358 325 486 377 sententiam,
507 327 575 380 ptores
591 340 653 379 vero,
671 340 695 368 re
710 328 782 367 iterum
799 328 820 367 in

58 395 112 436 litem
127 398 205 444 vocata,
221 394 320 434 brevioris
336 394 460 435 recensionis
476 407 519 435 rem
536 401 626 450 agerent.
656 397 769 438 Laudemus
786 397 819 437 hio

58 465 81 506 V.
107 465 130 504 D.
155 464 286 504 bichardum
311 464 377 503 Bothe
391 460 409 517 ¹]
435 463 641 519 Heidelbergensem,
671 464 818 521 Aractnumt)

57 534 249 587 Ratzebmgensem,
258 532 361 573 Bauriam
371 533 518 587 Tubingcnsem
527 532 548 589 ³)
560 539 579 574 et
587 536 719 576 Fridericum
725 537 818 577 Dastar-

58 604 119 646 atech
134 603 273 643 Hamelensem
286 601 313 657 ⁴).

115 673 202 713 hleicrus
218 673 281 713 tribus
296 672 421 725 potissimum
436 675 559 727 argumentis
575 674 695 716 sententiam
711 687 766 716 suam
781 676 818 717 fir-

57 755 113 784 mare
129 747 212 784 conatus
229 747 265 782 est.

115 810 140 867 a]
155 812 177 852 ln
193 812 288 863 breviori,
304 812 373 864 inquit,
389 813 511 853 recensione
521 812 611 854 Nicaena
622 813 647 853 de
657 813 819 854 Deitateomtsti

57 884 148 925 doctrina
163 886 250 935 tenetur,
266 895 316 936 ergo
333 877 469 924 Postnicaenis
483 883 608 936 temporibus
627 887 708 924 exarata
724 888 817 936 putetnr3

55 953 136 1007 longior
152 964 202 993 vero
218 952 311 993 recensio
327 953 392 992 minus
409 952 499 993 decisum
515 952 540 992 de
556 953 594 993 hac
608 966 632 993 re
649 953 728 993 dicendi
745 965 818 1007 genus,

56 1022 172 1078 apostolicis
193 1022 317 1075 temporibus
338 1034 462 1076 congruum,
484 1034 533 1075 prae
553 1033 577 1062 se
595 1021 634 1062 fert
656 1026 676 1063 ct
696 1027 770 1063 servat
789 1045 818 1050 —

55 1093 129 1133 Verum
145 1092 210 1133 acrior
226 1092 330 1144 utriusque
344 1093 471 1133 recensionis
492 1093 590 1145 inspectio
611 1091 681 1144 docet,
702 1093 817 1147 longiorem

56 1174 137 1216 quoque
148 1160 280 1202 octiesdeoies
292 1160 390 1201 Christum
399 1161 467 1201 Derim
478 1162 588 1213 nominare,
605 1173 648 1202 eam
662 1163 725 1215 magis
736 1161 817 1202 definite

56 1230 188 1283 depersoner
203 1229 286 1283 Spiritus
302 1229 447 1282 sanctiloqui,
467 1230 594 1283 pleniorique
615 1229 700 1271 turmula
716 1231 816 1271 Trinitatis

55 1312 102 1340 esse
117 1311 173 1340 usam
184 1297 217 1353 ⁵);
240 1311 279 1352 quo
295 1297 328 1350 fit,
349 1302 370 1338 ut
389 1300 460 1338 merito
482 1300 627 1351 posterioribus
649 1301 673 1339 sit
694 1299 817 1352 temporibus

55 1368 166 1410 tribuenda.

113 1437 139 1494 b]
156 1438 269 1481 Secundum
285 1438 527 1492 argumentumlleierns
545 1452 572 1480 ex
584 1439 629 1493 styli
644 1439 761 1481 charactere
777 1439 817 1480 de-

54 1510 140 1564 promit,
161 1520 257 1560 monens,
278 1508 393 1549 breviorem
408 1510 550 1559 recensionem
569 1511 667 1563 epitomes
685 1498 781 1549 deformis
797 1513 817 1549 et

55 1581 154 1622 obscurae
170 1578 225 1632 forre
240 1583 341 1631 naturam,
360 1579 392 1619 cui
407 1578 489 1634 longior
505 1583 559 1621 terto
575 1580 653 1621 meliori
670 1580 737 1620 lumen
754 1591 816 1632 prae-

54 1651 104 1691 bere
125 1649 203 1690 debeat.
235 1649 274 1691 Sed
293 1653 362 1690 contra
383 1649 452 1701 plures
473 1650 572 1704 longioris
594 1651 720 1692 recensionis
742 1651 782 1691 loci
805 1662 816 1690 a

54 1720 148 1761 breviore
171 1718 248 1759 demum
271 1718 400 1760 illustrantur.
436 1718 490 1759 Illam
514 1721 570 1774 Justo
597 1732 644 1760 esse
669 1721 815 1772 loquaciorem,

55 1790 187 1843 dictionisque
202 1789 301 1843 gravitate
317 1800 399 1841 carere,
421 1788 480 1830 facite
500 1790 576 1831 videas.
607 1790 650 1831 Nec
669 1791 733 1832 minus
754 1790 815 1832 addi-

53 1864 140 1902 tamenta
155 1860 226 1901 inertia
242 1863 262 1899 et
277 1859 381 1900 citationes
397 1860 512 1913 superilnae
528 1865 547 1901 te
564 1860 648 1915 fugient,
665 1860 737 1914 quibos
748 1861 814 1900 inter-

53 1931 131 1985 polator
152 1932 262 1986 genuinum
279 1934 360 1985 textrtm
381 1943 458 1985 augere
477 1936 508 1972 est
529 1944 596 1973 ansus.
627 1932 745 1972 breviorem
764 1943 814 1972 vero

5 1996 8 2000 ’
53 2002 194 2044 recensionem
210 2012 269 2042 nemo
286 2001 386 2054 epitomen
401 2001 484 2055 putabit,
500 2003 533 2055 qni
545 2003 668 2044 succinctum
681 2006 700 2042 et
712 2002 815 2043 concisum

53 2085 180 2124 sermonem,
202 2070 299 2125 gravibus
320 2071 425 2111 sententiis
445 2071 554 2124 refertum,
577 2071 711 2127 grarmnatiois
734 2071 814 2124 quidem

52 2144 129 2198 regulis
151 2143 216 2183 minus
240 2141 360 2194 obnoxium,
384 2140 421 2183 sed
445 2141 518 2183 ardore
540 2136 650 2196 scriptoris
666 2141 779 2182 ferventem
802 2152 814 2181 a

53 2213 126 2268 frigida
137 2212 227 2267 duraque
238 2215 325 2267 epitome
335 2212 399 2265 possit
409 2212 532 2255 discernere.
564 2211 622 2261 Quod
635 2211 723 2265 denique
737 2212 814 2252 obscu-

77 2363 95 2408 1)
108 2365 142 2398 Die
151 2364 229 2410 Anfaogc
242 2364 273 2399 der
283 2364 422 2400 christlllirche.
443 2364 552 2408 epistolarum
565 2365 652 2399 authentia
666 2369 698 2398 etc.
719 2360 812 2396 Commen-

52 2422 166 2469 Wittenberg.
180 2423 231 2458 1837.
246 2435 263 2468 p.
276 2423 316 2458 739.
442 2425 482 2457 tatio
492 2422 583 2469 Gottingae
595 2423 671 2468 praemio
684 2423 733 2467 regio
746 2425 812 2463 ornata,

9 2528 11 2531 .
76 2482 95 2524 2)
108 2482 136 2516 ln:
151 2481 422 2523 UlmanniStud.etKrit.1839.
441 2493 457 2526 p.
471 2481 493 2516 20
502 2493 540 2527 sqq.

52 2550 70 2583 p.
83 2539 123 2574 136.
310 2582 313 2587 Ι
465 2542 484 2587 5)
498 2541 532 2576 Ch.
545 2544 607 2585 Arndt,
621 2543 648 2576 in:
662 2543 751 2577 Ullmcnna'
763 2539 811 2576 Stnd.

76 2598 95 2639 3)
108 2598 362 2644 Thbiog.Zeitscbr.fiirTbeol.
372 2600 422 2635 1838.
442 2606 474 2635 etc.
486 2600 537 2634 1839.
547 2613 563 2646 p.
574 2600 675 2642 tor-1463
695 2603 761 2644 Bolbe,
774 2601 812 2635 An-

52 2655 101 2690 Faso.
114 2656 142 2690 111.
155 2669 172 2702 p.
188 2658 227 2693 148,
442 2659 811 2705 lingeetc.pili—751etDiioterdieclr,

75 2716 94 2758 4)
107 2718 235 2763 litiumriserit,
256 2717 278 2753 de
295 2717 422 2765 ignatianarum
440 2718 456 2753 l.'
465 2730 480 2753 c.
492 2729 509 2763 p.
522 2718 545 2752 26
554 2729 579 2763 sq.
593 2723 610 2751 et
622 2717 650 2752 33.
