1789 2987
370 709 441 765 lm
460 712 493 763 l)
512 711 541 764 E
562 710 598 766 X

253 836 378 894 RERUM
402 838 445 891 ET
470 834 715 891 reasonlnoll.
752 873 754 875 -

277 1119 303 1149 A.

518 1073 535 1100 et
549 1077 591 1100 unus
604 1066 700 1110 Episcopus
714 1067 752 1100 179.
765 1066 805 1100 212.
830 1065 863 1107 Qui

517 1125 561 1157 intra
575 1124 627 1157 altore
641 1129 673 1166 est,
688 1124 760 1158 mundus
774 1130 800 1157 est
812 1123 852 1157 190.

105 1183 179 1217 Aaron
197 1189 213 1217 et
226 1183 294 1217 llariam
312 1190 358 1218 extra
372 1190 427 1219 castra
439 1189 475 1217 sta·
494 1180 577 1225 Angeli
594 1181 681 1215 adstantes
693 1181 726 1216 Dei
738 1182 822 1216 voluntati
835 1181 870 1214 la-'

128 1242 182 1275 bulati
189 1247 227 1274 sunt
234 1253 249 1285 p.
257 1242 285 1275 58.
298 1241 349 1286 Virga
356 1243 429 1275 Aaronis
436 1241 474 1274 112.

105 1299 204 1332 Abortus
219 1299 307 1333 damnatur
319 1300 347 1332 46.
360 1299 388 1332 48.
402 1299 442 1332 304.

105 1356 216 1390 Abrabam
229 1357 335 1391 circumcidit
348 1357 436 1391 treviros
447 1355 475 1390 22.

129 1414 164 1448 Jarn
178 1426 209 1458 per
218 1414 331 1448 Abrahamum
343 1415 415 1459 populus
425 1414 476 1448 Chri-

129 1474 220 1506 stianorum
242 1477 383 1506 commemoratus
403 1477 429 1505 est
448 1471 475 1504 36.

130 1529 222 1562 Abrahami
230 1529 272 1562 fides
281 1530 308 1563 66,
327 1529 413 1563 Abraham
420 1528 476 1562 bene-

131 1587 185 1620 dictus
198 1586 236 1629 fuit,
251 1588 289 1631 quia
301 1587 386 1630 justitiam
399 1593 416 1620 et
427 1586 475 1621 veri-

130 1650 180 1678 tatem
193 1644 287 1689 perfidem
300 1650 381 1689 operatus
394 1649 420 1678 est
435 1644 463 1677 94.

106 1701 252 1736 Abstinentia
265 1703 337 1747 duplex,
355 1713 364 1736 a
377 1702 422 1736 bono
437 1707 454 1734 ct
466 1712 476 1734 a

129 1760 173 1793 malo
189 1760 229 1793 360.
254 1760 373 1802 Abstinentia‚
390 1760 423 1792 filia
435 1759 475 1792 fidei

130 1818 169 1851 338.
182 1818 291 1852 Abstinentia
301 1818 429 1852 commendatur
436 1816 475 1851 347.

105 1875 234 1919 Accipitris
247 1886 286 1909 esus
298 1877 360 1910 vetitus
369 1874 445 1918 ludaeis,
458 1880 475 1908 et

129 1944 159 1967 cur
172 1933 200 1966 22.

105 1992 171 2025 Adam
190 2003 211 2026 ex
223 1991 315 2025 substantia
329 1997 385 2026 terrae
398 1997 423 2026 est
436 1991 474 2025 for-

130 2055 184 2083 matus
197 2050 224 2083 12.

106 2107 250 2142 Adulterium
264 2107 304 2142 349.
392 2153 394 2157 ,

106 2165 223 2210 Aegyptii,
237 2165 302 2199 Arabes
313 2170 330 2198 et
338 2164 377 2209 Syri
385 2175 405 2199 ac
414 2175 474 2199 saeer-

130 2223 179 2257 dotes
192 2222 274 2256 idolorum
286 2223 433 2257 circumcisionem
442 2222 474 2257 ad-

129 2282 195 2313 mittunt
208 2280 235 2313 22.

105 2339 234 2372 Aemulatio
248 2338 270 2371 de
282 2339 377 2382 principatu
389 2339 429 2371 406.

517 1239 601 1272 mulantur
614 1239 641 1273 98.
663 1239 724 1284 Angeli
732 1239 765 1273 Dei
778 1245 794 1273 et
807 1239 864 1283 angeli

518 1296 590 1330 Satanae
608 1298 636 1330 44.
660 1296 721 1331 [illicio
738 1303 755 1331 et
772 1297 863 1341 dignitates

517 1353 617 1398 angelorum
631 1356 670 1389 190.
694 1355 716 1389 Et
728 1356 742 1388 si
755 1355 811 1399 angeli
829 1364 863 1386 non

518 1413 590 1446 credant
605 1414 623 1445 in
639 1414 738 1457 sanguinem
756 1412 827 1454 Christi,
846 1418 864 1445 et

517 1470 549 1513 ipsi
571 1470 693 1512 judicabuntur
717 1470 757 1505 226.
793 1470 862 1514 Angeli,

516 1529 570 1571 primo
580 1529 667 1562 constituti
675 1529 714 1563 333.
733 1528 794 1574 Angeli
803 1529 862 1571 saneti,

518 1596 560 1630 quos
572 1588 626 1629 primo
635 1586 682 1620 Deus
693 1588 758 1620 creavit
767 1586 805 1621 387,
824 1586 862 1620 llon

517 1643 596 1688 angelum
613 1650 641 1677 aut
658 1646 753 1688 principem
770 1650 814 1688 eto,
832 1645 863 1678 sed

517 1702 569 1735 filium
577 1713 625 1735 suum
633 1702 680 1736 Deus
688 1703 733 1737 misit
742 1702 781 1736 308.
800 1703 864 1746 Angeli

517 1759 603 1793 hominum
624 1761 703 1794 custodes
725 1766 742 1794 et
762 1761 863 1794 seductores

518 1815 551 1849 357
569 1828 606 1862 sqq.
638 1818 677 1851 Duo
698 1824 736 1852 sunt
756 1817 804 1852 Genii
825 1829 863 1852 eum

517 1874 594 1917 homine,
612 1876 653 1910 itio.
682 1876 744 1920 Angeli
761 1876 863 1921 populorum

517 1937 556 1966 sunt
569 1934 636 1977 patroni
650 1939 667 1967 et
680 1934 814 1979 gubernatores,
829 1944 862 1978 po-

515 1990 573 2034 pulum
585 1991 638 2025 lsrael
651 1997 708 2026 autern
720 1992 766 2026 Deus
778 1993 815 2037 ipse
828 2003 862 2037 gu-

516 2047 597 2081 bernatur
610 2048 637 2082 92.
660 2049 723 2095 Angeli
735 2052 833 2094 superiores
846 2056 863 2083 et

515 2106 606 2140 inferiores
627 2106 666 2140 334.
698 2108 775 2152 Angelus
798 2110 862 2152 poeni-

516 2166 580 2198 tentiae
590 2165 629 2199 346.
638 2164 678 2199 351.
698 2166 775 2210 Angelus
783 2165 862 2209 llichael,

516 2228 597 2266 patronos
614 2222 745 2258 Christianorum
759 2223 799 2258 402.
824 2223 862 2257 An-

516 2280 565 2324 gelus
573 2280 641 2326 flegun,
655 2281 684 2326 qui
697 2285 723 2315 est
735 2291 786 2326 super
798 2281 862 2315 bestias

516 2337 555 2370 343.

104 2396 298 2441 Aequanimitatis
311 2402 328 2429 et
336 2397 430 2440 patientiae
437 2397 474 2430 vir·
492 2395 574 2429 Anima.
595 2396 645 2437 Quod
657 2401 683 2428 est
692 2396 747 2429 anima
756 2397 773 2429 in
782 2406 861 2440 corpore,

127 2460 154 2488 tus
168 2454 296 2488 commendatur
309 2453 344 2488 352
356 2465 393 2498 sqq.
406 2453 446 2486 355.

105 2511 165 2556 Agap
172 2522 182 2544 e
194 2511 234 2545 228.

106 2569 161 2604 Aloe
175 2569 196 2602 ab
209 2569 273 2613 Ignatio
286 2569 368 2604 salutatur
381 2569 420 2604 232.
434 2570 474 2603 244.

128 2627 177 2670 Alce,
191 2636 239 2660 soror
251 2626 329 2670 illectae,
342 2629 393 2661 amita
401 2627 474 2661 Herodis

128 2685 168 2718 290.

104 2742 183 2777 Altare
197 2747 224 2777 est
236 2753 297 2787 unum,
312 2748 330 2777 ut
342 2753 385 2778 uuus
395 2741 473 2779 Christus

516 2452 533 2485 id
545 2454 562 2486 in
575 2453 637 2486 mundo
650 2453 738 2487 Christiani
752 2453 791 2486 306.

493 2509 604 2544 Animalia
627 2511 713 2555 prohibita
736 2511 806 2546 ludaeis
831 2512 859 2546 22.

515 2567 600 2602 Animalia
614 2570 710 2613 quaedam,
723 2581 733 2604 a
745 2570 783 2604 Deo
798 2577 860 2614 creata,

516 2627 532 2659 in
540 2637 588 2660 usum
594 2637 628 2661 non
635 2628 724 2661 admittere
730 2638 765 2662 non
771 2628 812 2662 licet
821 2629 860 2663 302.

491 2684 625 2728 Apollonius
637 2686 727 2730 presbyter
735 2686 860 2731 lllagnesiorum

516 2742 554 2777 172.
