1765 2987
47 152 64 204 S.
77 150 174 195 lGNthl]
340 147 512 187 rnoteeouuml.
772 153 808 188 LIX

46 263 152 315 ponenteS,
167 270 207 301 non
224 257 262 299 nisi
277 257 333 298 initio
348 258 411 299 seculi
426 257 461 299 lldi
474 260 559 302 adscribi
576 266 667 315 possunt,
687 261 807 315 praesertim

47 330 170 383 temporibus
187 328 286 379 Cerinthi,
306 328 340 381 qni
361 328 419 369 simili
441 332 525 383 quodam
545 333 606 374 modo
628 333 727 387 duplicem
747 334 806 373 istum

47 412 137 442 errorem
153 399 172 439 in
188 403 296 452 systemate
312 411 349 439 suo
365 400 433 440 tonuit.
464 400 506 443 Jam
522 403 575 443 circa
591 403 677 443 medium
692 402 755 444 seculi
771 401 807 442 lldi

47 470 145 511 elementa
161 469 193 509 illa
210 469 315 521 disparata,
332 468 457 511 Docelismus
474 477 493 513 et
508 472 634 525 Judaismus,
652 475 710 514 eliam
726 474 805 514 extrin-

46 552 105 584 seons
123 540 221 593 disjuncta
238 543 257 580 et
272 539 355 580 alterum
371 541 395 581 ah
412 541 474 582 altero
496 543 643 584 haeretieorum
660 556 738 597 genere
753 556 805 597 pro-

45 617 155 667 pugnatum
176 613 224 649 erat.
255 609 351 650 Basilides
368 623 384 651 e.
401 625 420 665 g.
442 616 462 651 et
476 612 565 653 hlaroion
586 614 638 653 inter
658 613 764 654 Gnosticos
786 618 806 654 et

45 683 133 723 Docelos
149 680 230 720 coaevis
245 678 340 720 Judaistis
362 681 434 720 aeriter
455 683 584 723 resistebant.
615 683 675 723 Immo
698 683 805 723 divortium

45 753 124 794 illorum
146 749 185 790 dno
208 749 364 803 elementorum,
386 763 438 803 qnae
459 751 479 791 iu
496 751 592 792 Cerintho
613 752 677 794 adhue
698 753 806 806 conjuncta
830 803 836 810 .

45 825 147 877 apparent,
162 821 203 874 jam
219 821 239 860 in
255 820 362 860 haereticis
375 821 503 873 epistolarum
516 826 629 863 nostrarum
640 822 714 863 initium
726 824 805 876 cepisse

44 894 129 936 videtur.
155 891 265 943 Utrumque
280 889 418 931 Cerinthiacae
434 892 545 933 haereseos
562 893 682 933 elementum
698 894 806 934 servabant

44 962 142 1019 hlapnesii
162 966 181 1002 et
200 961 388 1014 Philadelphenses,
411 973 455 1002 oum
476 961 609 1003 Gnosticismo
631 976 668 1004 sen
689 963 804 1005 Docelismo

43 1036 108 1076 minus
130 1032 211 1073 exculto
232 1030 355 1072 Judaismum
377 1033 525 1087 conjungentes
546 1031 595 1088 [cfr.
618 1034 642 1074 ad
662 1035 729 1088 Magn.
751 1048 767 1075 o.
785 1031 804 1075 9.
880 1029 882 1032 ’

45 1104 68 1145 ad
80 1102 152 1145 Philad.
165 1114 181 1143 o.
191 1100 216 1156 6)
222 1115 229 1152 ,·
247 1101 350 1154 Smyrnaei
365 1114 415 1142 vero
432 1115 455 1143 ao
471 1103 570 1154 Tralliani,
587 1116 660 1158 graeca
676 1104 804 1158 philosophia

44 1175 107 1229 magis
123 1173 201 1224 imbuti,
216 1172 310 1212 haeresin
327 1170 472 1213 Cerinthiaoam
488 1172 538 1214 adeo
555 1175 716 1227 perpoliverant,
733 1178 754 1214 nt
766 1175 802 1228 ju-

45 1245 101 1286 daieo
122 1243 156 1284 illo
178 1242 277 1283 elemento
297 1242 380 1293 relicto,
402 1243 504 1296 gnosticas
520 1243 584 1284 solum
601 1244 718 1296 opiniones,
740 1244 802 1297 ipsius

45 1314 134 1356 Cerinlhi
150 1312 230 1353 modum
246 1315 364 1365 superantes
380 1312 481 1365 foverent,
497 1325 537 1366 quo
554 1313 632 1365 laetum,
649 1319 670 1354 ut
680 1314 769 1368 lgnahns
784 1315 803 1355 in

45 1384 135 1438 epistolis
151 1382 176 1423 ad
192 1382 327 1436 Smyrnaeos,
348 1382 491 1437 Polycarpum,
515 1382 625 1423 Trallianos
643 1382 675 1437 [et
690 1381 802 1438 Ephesios)

44 1454 181 1496 Docelismnm
197 1452 261 1493 solum
277 1452 431 1506 impugnaverit.
461 1452 493 1493 Ex
513 1452 570 1493 dictis
590 1454 666 1506 elucet,
687 1453 802 1494 haereticos

43 1527 64 1567 in
81 1524 169 1579 epistolis
184 1524 258 1564 nostris
276 1523 360 1575 obvios,
378 1523 447 1564 mediis
462 1523 514 1563 inter
530 1523 645 1564 Cerinthnm
661 1529 681 1564 et
696 1524 802 1565 Basilidem

43 1596 170 1649 temporibus
183 1592 213 1648 [a.
228 1591 343 1647 rto-130)
360 1593 494 1648 assignandos
511 1605 564 1645 esse,
581 1594 695 1647 quodcum
712 1599 803 1649 tempore

42 1666 131 1718 martyrii
142 1664 161 1706 S.
172 1664 243 1717 Ignatii
257 1664 307 1704 mire
322 1663 436 1704 concordat.
464 1663 503 1704 Cir.
514 1664 654 1704 Desierdiech
666 1662 690 1719 [l.
703 1677 719 1705 o.
730 1677 749 1718 p.
761 1662 802 1719 55)

43 1740 63 1776 et
87 1734 179 1775 Uhlhorc
204 1733 228 1787 [l.
250 1745 266 1773 o.
290 1745 308 1785 p.
325 1730 367 1774 295
384 1731 448 1787 squ).
483 1733 543 1774 Plane
566 1734 619 1774 idem
643 1739 720 1787 tempus
744 1736 803 1776 etiam

42 1805 169 1858 Hegesippus
185 1803 243 1843 nohis
257 1794 382 1843 statuendum
393 1802 463 1843 suadet
473 1803 493 1843 in
506 1802 618 1856 fragmento
631 1803 683 1857 apud
694 1804 802 1845 Eusebium

43 1871 125 1928 [histor.
142 1872 190 1913 eool.
206 1871 241 1923 ΙΙΙ,
258 1869 299 1925 32)
317 1870 398 1912 dicens:
420 1871 467 1912 inde
486 1874 608 1926 temporibus
625 1874 715 1927 martyrii
731 1873 750 1915 S.
767 1874 802 1915 Si-

43 1944 132 1995 meonis,
154 1942 245 1996 episcopi
260 1942 435 1995 Hierosolymitani
451 1940 479 1995 (Ι
495 1954 511 1982 a.
530 1940 597 1996 108),
618 1942 733 1983 haereticos
750 1941 802 1997 [Ju-

43 2011 130 2067 daistas]
146 2016 205 2053 antea
217 2012 280 2065 magis
291 2011 312 2052 in
323 2012 402 2053 occulto
414 2016 526 2065 serpentes,
544 2013 608 2066 palam
618 2012 724 2066 prodiisse.
748 2011 787 2068 (el
797 2044 802 2054 .

44 2084 150 2133 Uhlhorc,
171 2082 185 2122 l.
201 2095 217 2122 o.
236 2094 255 2134 p.
272 2079 335 2135 292.)
365 2082 470 2135 Denique,
490 2082 605 2122 haereticos
625 2086 707 2123 nostros
728 2093 770 2122 non
791 2095 803 2123 e

42 2164 126 2194 numero
144 2152 290 2204 posteriorum
306 2137 447 2192 Grroslioornm
462 2150 538 2203 luisse,
561 2151 614 2191 clare
630 2163 656 2191 ex
672 2163 697 2191 eo
713 2155 802 2204 apparet,

43 2222 97 2276 quod
113 2222 212 2277 ignatius,
228 2226 314 2275 excepto
330 2221 456 2272 Docelismo,
473 2225 553 2261 ceteros
569 2220 704 2274 posteriorum
719 2220 802 2261 Gnosti-

43 2304 112 2333 corum
129 2303 210 2332 errores
226 2303 252 2331 ne
268 2291 348 2332 niinime
364 2291 444 2344 quidem
459 2291 522 2344 tangit
535 2288 560 2345 1).

101 2360 128 2418 8)
144 2361 220 2415 Negari
236 2360 323 2415 denique
338 2373 379 2402 non
394 2366 472 2415 potest,
493 2359 594 2402 nonnullis
611 2359 706 2413 epistolas
721 2363 801 2400 nostras

42 2444 83 2473 non
100 2444 127 2473 ex
142 2431 228 2483 criticis,
251 2430 288 2473 sed
305 2444 331 2472 ex
347 2432 464 2486 dogmaticis
485 2437 560 2473 tantum
581 2431 646 2471 causis
668 2429 800 2484 displicuisse.

43 2503 168 2554 Quicumque
185 2502 237 2542 enim
253 2505 285 2542 aut
301 2501 387 2542 divinam
399 2503 526 2555 episcopatus
537 2501 687 2551 institutionem,
704 2503 736 2540 aut
747 2499 801 2539 divi-

42 2573 123 2626 nitatem
140 2570 224 2624 Christi,
245 2575 279 2613 ant
294 2570 368 2612 realem
384 2572 465 2614 Domini
485 2572 506 2612 in
527 2570 647 2613 eucharistia
667 2570 801 2623 praesentiam

66 2721 85 2767 l)
99 2717 134 2754 ch.
147 2722 220 2766 Idothea,
233 2722 244 2756 l.
259 2734 273 2758 o.
287 2733 303 2767 p.
317 2722 340 2757 42
353 2728 370 2757 et
382 2724 511 2766 Demodicen,
524 2723 535 2757 l.
549 2733 564 2756 c.
