1765 2987
280 145 401 181 Buunnssnu
415 146 526 185 EPISTULA,
544 149 586 185 XIII.
600 150 644 185 XIV.
813 154 841 206 3J

83 262 103 298 et
119 256 230 298 testamenti
246 255 360 297 haeredem.
391 256 411 298 Si
428 268 478 312 ergo
493 258 558 299 adime
572 263 591 300 et
604 272 641 313 per
651 260 786 302 Ainnhnmum
800 273 841 316 po-

83 328 141 381 pulus
152 326 185 367 itte
197 331 364 368 commemoratus
377 331 413 378 est,
430 330 476 368 tnnc
486 329 568 371 scientia
581 335 648 372 nostru
660 330 683 371 ad
695 330 840 385 perfectionem

83 400 114 437 est
132 396 220 436 redacta.
252 395 303 443 Ouid
327 396 387 449 igitur
408 395 454 437 dicit
473 398 528 440 Deus
548 400 680 442 Abruhumo?
714 400 840 450 ¹Ououiom

83 466 203 516 credidisti,
221 466 258 506 ott
272 467 294 506 io
300 466 408 518 justitium
421 468 466 518 fuit
480 469 621 518 adtributum,-
637 485 683 512 ecce
691 473 757 524 posui
769 477 787 512 te
796 485 839 524 pc-

82 544 132 578 nem
147 536 250 588 pontium,
268 549 321 588 poue
337 536 359 576 iu
373 539 486 591 praeputio
503 540 590 581 creduut
604 541 700 583 Domino.

81 665 132 706 XIV.
158 664 320 714 Tesromeomm,
335 666 391 718 qood
403 665 472 707 tiosos
484 669 565 719 occepit
578 674 598 708 ct
611 669 722 717 contrivit,
736 669 840 710 Dominus

393 734 453 776 noIn's
466 735 528 776 dedit.

144 813 183 856 Sed
200 826 249 855 sone
265 813 416 868 ²quueromus,
438 830 462 858 ou
479 817 557 858 dederit
573 818 669 859 Dominus
692 824 838 873 testamentum,

81 885 135 939 quod
147 885 236 938 patritius
250 886 324 940 juravit
339 898 361 927 se
375 888 449 940 populo
464 887 560 928 daturum.
588 889 646 929 Dedit
660 889 751 943 quidem;
768 902 839 930 verum

80 957 108 998 iili
124 960 207 1010 propter
223 961 305 1009 peccatu
323 968 358 998 sue
375 957 451 1012 indigni
472 957 563 1009 fuerunt,
586 960 618 1012 qui
635 961 756 1013 acciperent.
787 960 840 1000 Dicit

81 1027 133 1068 enim
147 1026 254 1080 propheta:
272 1024 311 1066 ³'et
320 1027 390 1086 dieses
403 1028 424 1067 iu
434 1034 503 1069 rtzoute
514 1028 566 1068 Sino
572 1028 683 1079 jejunavit
695 1030 840 1082 pococtropinto

80 1096 153 1138 diebos
164 1101 184 1136 ct
194 1097 337 1148 qttoduoptoto
351 1097 455 1147 noctibus,
471 1104 494 1137 ut
508 1103 652 1138 testamentum
662 1098 749 1139 Domini
760 1099 788 1139 oct
795 1112 838 1149 po-

78 1167 151 1219 putum
166 1166 277 1217 occiperet.
308 1162 351 1206 4Et
367 1168 444 1219 accepit
463 1179 473 1207 a
490 1167 576 1208 Domino
593 1168 640 1209 duas
658 1168 733 1209 tubulus
753 1169 837 1221 scriptus

80 1236 141 1289 digito
157 1247 227 1275 manus
240 1236 329 1286 Domini,
345 1237 364 1275 in
381 1237 461 1288 spiritu,
480 1242 596 1289 sumtasque
611 1237 678 1277 Itoses
694 1237 798 1277 deferebat
813 1238 837 1278 ed

80 1305 185 1358 poputum,
206 1308 227 1344 ut
245 1303 338 1344 traderet.
371 1303 394 1343 Et
414 1304 463 1344 dixit
479 1306 575 1345 Dominus
597 1306 621 1345 ad
637 1305 718 1346 Mosen:
736 1304 838 1357 interes,

79 1375 161 1425 tIIosos,
177 1374 278 1415 descende
292 1374 387 1414 celeriter
391 1388 399 1422 ;
416 1375 486 1427 inique
500 1375 554 1414 onim
566 1387 588 1414 sc
599 1375 666 1427 possit
677 1375 769 1426 popqus
783 1380 837 1426 cotis,

81 1456 140 1496 qoem
150 1444 175 1484 cte
188 1449 245 1484 temo
255 1443 345 1497 Acpppti
358 1444 459 1484 ettoociott.
486 1444 626 1497 intellexitque
637 1444 711 1495 Moses,
727 1443 781 1496 quod
797 1445 838 1484 ite-

79 1509 124 1553 rum
139 1505 354 1566 iecerenitmagtncs,
372 1517 391 1553 et
405 1513 491 1566 projecit
507 1514 532 1554 dc
548 1514 638 1553 munibus
654 1513 741 1564 tabutas,
758 1513 837 1553 contri-

80 1586 152 1635 tneque
168 1586 213 1623 sunt
229 1582 307 1622 tabulae
327 1582 439 1622 testamenti
459 1582 558 1623 dominici.
589 1582 674 1635 Accepit
689 1582 755 1635 itaque
768 1582 837 1623 nroses

79 1656 228 1701 testamentun1;
244 1652 281 1703 ipsi
295 1664 345 1691 vero
360 1652 414 1706 digni
427 1663 466 1691 uon
482 1652 568 1691 fuerunt.
596 1651 702 1699 Quomodo
716 1663 754 1692 nos
769 1652 787 1691 id
799 1663 837 1691 ac-

79 1722 198 1774 ceperimus,
215 1720 290 1761 discite.
316 1721 395 1771 IIoses,
412 1733 471 1772 quum
486 1726 541 1761 esset
558 1719 670 1772 6inmotus,
687 1721 734 1761 iilud
747 1721 836 1773 occepit5

78 1792 136 1831 nobis
148 1794 213 1831 eutem
227 1791 270 1844 ipse
283 1791 378 1830 Dominus
391 1790 464 1841 tribuit,
483 1786 543 1829 ⁷esse
556 1790 575 1828 in
590 1790 684 1842 populum
700 1790 835 1839 haereditetis,

79 1872 115 1912 pro
131 1860 189 1899 nobis
205 1871 282 1912 passus.
312 1859 410 1912 Apparuit
425 1871 486 1910 vero,
502 1863 522 1899 ut
538 1864 578 1898 tum
594 1859 621 1899 iiii
637 1856 731 1914 [Iudaei]
747 1861 766 1899 iu
782 1872 835 1912 pec-

78 1930 126 1969 catis
142 1933 338 1979 consummarentur,
355 1934 394 1968 tum
410 1940 447 1968 nos
463 1924 517 1980 8per
533 1929 597 1981 ipsum
613 1927 712 1968 haeredes
728 1929 774 1968 facti
789 1929 848 1969 Do·-

77 1999 124 2039 mini
132 1999 181 2039 Iesu
191 2002 328 2039 testamentum
337 1998 481 2050 acciperemus,
493 1993 541 2050 ⁹qui
554 1998 664 2038 destinatus
673 2002 722 2048 crat,
734 2002 754 2038 ut
767 1996 784 2021 ¹⁰
791 1998 835 2051 ipse

77 2069 97 2108 in
113 2069 171 2108 terris
188 2079 293 2120 apparens,
312 2066 325 2091 ¹¹
335 2067 453 2119 praecordio
468 2072 537 2107 nostru
550 2067 590 2119 jum
606 2079 617 2106 a
632 2072 696 2107 morte
713 2071 800 2106 assumta
816 2072 836 2106 et

76 2211 138 2259 ponat
150 2207 170 2246 in
181 2206 239 2246 nobis
254 2209 397 2246 testamentum.
425 2205 522 2258 Scriptum
536 2205 609 2258 quippe
625 2210 666 2256 est,
683 2204 784 2257 quomodo
794 2204 835 2243 Pa-

76 2280 118 2327 ter,
133 2275 272 2327 redempturus
286 2286 323 2315 nos
336 2286 346 2314 u
361 2275 460 2326 tenebrIs,
476 2275 503 2314 itti
517 2274 650 2325 mundaverit,
667 2278 687 2314 nt
701 2274 739 2314 sitii
753 2269 835 2326 puraiet

74 2345 170 2398 poputum
186 2350 282 2385 sanctum.
308 2344 360 2385 Dicit
377 2345 436 2398 igitur
452 2344 559 2398 prophete:
579 2342 640 2397 ¹2epo
651 2344 761 2393 Dotoiuus,
776 2343 834 2383 Deus

98 2424 117 2466 9]
130 2424 174 2458 Heio
186 2425 202 2457 iu
214 2424 244 2457 Iis.
258 2430 276 2457 et
288 2422 391 2458 editionibus
401 2424 455 2487 runicp
477 2424 506 2465 10)
521 2422 555 2456 Cir.
569 2425 646 2465 tticittier,
662 2422 774 2465 Athanasius,
790 2421 808 2455 T.
822 2420 834 2456 1.

74 2484 176 2524 transposita
188 2481 274 2526 teguntur,
290 2492 333 2527 quae
345 2481 388 2514 infra
397 2482 445 2513 uncis
453 2489 455 2526 g
463 2493 479 2526 p.
495 2481 520 2515 ID.

75 2538 99 2582 []
112 2538 171 2571 ineius.
186 2544 203 2571 et
212 2550 221 2572 a
230 2540 287 2582 nobis,
301 2539 344 2572 duce
354 2540 408 2572 veteri
417 2539 444 2571 in·
477 2539 506 2580 tt]
519 2539 549 2572 Iis.
558 2540 618 2579 zeziae
631 2538 680 2572 maie.
699 2542 742 2571 Vns.
750 2540 833 2571 iurunru.

74 2601 157 2639 terprete,
170 2596 209 2629 Ioco
218 2607 249 2629 suo
258 2599 336 2631 restituta
345 2603 389 2631 sunt.
410 2596 444 2629 tu.
453 2600 573 2642 pproocordia.

74 2652 148 2685 libeiium
165 2664 231 2687 mernu:
249 2657 287 2690 Dos
304 2657 445 2690 Sondeotireiiou
480 2655 507 2698 {2}
520 2655 558 2688 Isui.
572 2655 600 2696 42,
614 2655 629 2687 o.
643 2653 659 2686 7.
684 2652 731 2686 Haec
748 2663 779 2698 per
791 2663 835 2696 pro-

74 2713 104 2746 des
118 2713 148 2756 up.
161 2713 262 2755 Duroniae,
276 2725 293 2757 p,
307 2712 345 2745 106.
463 2712 531 2757 piretum
540 2712 586 2746 Deus
596 2712 646 2746 Pater
655 2711 676 2745 ad
686 2710 745 2745 Filium
754 2711 833 2757 quuitur.
