1789 2987
80 193 123 236 340
242 186 335 223 ananan
348 185 439 222 PASTOR.
464 186 529 221 LIBER
541 186 553 221 I⁴
579 186 636 221 VISIO
648 185 676 220 ΠΙ,

79 299 204 341 sustulerunt
222 298 345 351 subsellium,
362 301 381 338 et
397 296 488 337 abierunt
503 296 541 351 ipsi
551 297 622 337 iterum
632 296 652 336 in
663 295 738 337 turrim.
764 294 839 336 Horum

79 371 152 412 faciem
168 383 208 412 non
224 370 272 422 vidi,
289 371 383 423 quoniam
394 368 475 409 adversi
487 372 549 408 erant.
580 366 664 407 Euutem
674 366 725 407 illam
736 366 839 420 rogabam,

79 448 101 483 ut
116 442 164 483 milri
179 441 281 483 revelaret
296 440 321 481 de
333 441 395 481 tribus
406 438 484 493 figuris,
500 438 601 492 inquibus
613 438 766 491 mibiapparuit.
796 436 840 477 Re·
889 464 892 467 -

80 513 182 567 spondens
204 517 269 553 autem
290 511 337 551 milri
358 511 418 551 dixit:
442 509 486 561 ,de
507 509 537 549 bis
558 509 617 550 alium
638 513 658 549 te
679 512 760 562 oportet
775 507 840 547 inter-

79 596 162 638 rogare,
178 587 198 624 ut
209 581 376 623 tibireveletu1·.“
407 579 506 633 Apparuit
517 585 583 621 autem
597 580 649 633 milii,
665 579 745 631 fratres,
765 576 840 631 ¹prima

80 655 170 705 visione,
193 665 245 694 auno
267 652 386 705 superiore,
407 651 466 691 valde
487 662 549 702 anus,
571 655 590 691 et
611 652 631 692 in
650 647 840 691 callredra‘sedens.

80 722 144 765 ²Alia
161 728 231 764 autem·
242 723 321 764 visione
337 722 408 763 faciem
424 721 504 775 quidem
517 721 627 776 juvenilem
643 720 739 772 babebat,
760 730 841 759 carnem

80 800 147 835 autem
169 799 188 835 et
211 794 293 848 capillos
315 794 391 845 aniles,
416 797 435 833 et
459 797 514 833 stans
537 792 584 831 mibi
606 792 736 845 loquebatur;
759 788 841 843 hilarior

81 870 147 906 autem
164 869 218 917 erat,
239 877 298 917 quam
318 865 408 916 primum¹
440 861 526 903 ³Tertia
542 868 608 904 autem
625 863 703 904 visione
718 866 759 902 tota
772 859 841 915 junior

81 940 125 976 erat
146 940 166 975 et
186 939 268 988 aspectu
289 933 373 985 decora,
396 937 470 973 tantum
493 932 547 985 quod
567 934 650 986 capillos
666 932 729 973 aniles
744 930 840 979 lrabebat3

81 1005 150 1045 lrilaris
167 1008 232 1044 autem
249 1003 300 1043 facie
316 1008 370 1055 erat,
394 1006 413 1043 el
434 1015 495 1056 super
516 1003 631 1044 subsellium
653 1003 734 1044 sedens.
764 1003 795 1043 De
810 1001 841 1042 his

80 1076 129 1129 ipsis
145 1079 234 1116 moestus
251 1087 305 1115 eram
322 1073 390 1126 valde,
413 1073 478 1114 donec
499 1084 645 1127 cognoscerem
666 1073 764 1114 visionem
784 1071 841 1112 hano.

81 1145 145 1186 Video
162 1158 221 1186 anum
236 1145 289 1185 illam
304 1145 324 1184 in
335 1145 380 1185 visu
390 1145 456 1186 noctis
467 1144 566 1186 dicentem
577 1145 636 1185 milri:
653 1141 750 1197 ¹³„omnis
761 1143 840 1197 rogatio

79 1216 189 1257 humilitate
205 1220 263 1270 eget3
277 1215 347 1269 jejuna
363 1227 421 1270 ergo,
438 1219 458 1255 et
473 1203 573 1268 percipies
590 1227 600 1254 a
616 1215 711 1267 Domino,
731 1213 785 1267 quod
801 1224 841 1266 po-

79 1286 162 1328 stulas.“
189 1285 282 1340 Jejunavi
299 1298 349 1339 ergo
366 1286 418 1326 diem
434 1299 499 1327 uuum.
526 1285 599 1327 Eadem
615 1290 675 1327 nocto
688 1286 778 1339 apparuit
794 1282 841 1324 mihi

78 1357 167 1412 juvenis,
180 1360 199 1396 el
209 1356 246 1396 ait:
265 1355 324 1408 „quid
337 1361 357 1397 tu
369 1356 487 1410 frequenter
498 1356 549 1409 petis
561 1356 695 1396 revelationes
704 1357 724 1396 in
733 1354 841 1396 oratione?

80 1427 142 1479 Vide,
166 1440 192 1467 ue
216 1426 276 1466 nrulta
300 1426 403 1478 postulans
424 1439 499 1467 noceas
522 1427 577 1466 carni
599 1431 650 1467 tuae.
682 1426 785 1468 Sufficiant
807 1424 842 1465 libi

80 1498 218 1538 revelationes
235 1497 279 1536 bae.
310 1495 409 1549 Numquid
420 1497 497 1550 poteris
508 1496 603 1537 fortiores
615 1497 750 1537 revelationes
765 1495 841 1546 videre,

82 1580 140 1621 quam
157 1579 206 1620 quas
222 1566 320 1607 vidistitl
352 1566 485 1620 Respondeas
500 1568 518 1607 ei
533 1567 589 1608 dico:
608 1568 707 1620 ,domine
723 1567 762 1607 lroc
778 1565 842 1607 solum

81 1644 128 1692 pelo
145 1650 181 1691 pro
203 1637 265 1677 tribus
285 1637 355 1690 figuris
375 1638 428 1678 illius
448 1650 508 1694 anus,
530 1641 551 1677 ut
571 1638 649 1691 integra
671 1638 704 1677 fiat
723 1635 840 1677 revelatio.“

81 1706 192 1761 Respondit
202 1707 260 1747 milri:
278 1719 329 1758 ,vos
340 1720 380 1748 non
392 1708 488 1748 insensati
500 1708 549 1761 estis
553 1721 559 1758 3
571 1708 607 1748 sed
618 1707 751 1748 nubilationes
762 1710 842 1747 vestrae

81 1791 118 1819 vos
134 1779 248 1818 insensatos
265 1776 350 1829 faciunt,
374 1791 398 1819 eo
420 1778 474 1831 quod
495 1790 536 1818 non
555 1777 645 1818 habeatis
662 1790 697 1818 cor
713 1781 801 1817 vestrum
818 1775 842 1831 ad

80 1847 210 1889 Domiuurn.“
242 1846 345 1900 Respondi
367 1848 395 1888 illi
415 1851 435 1888 et
456 1847 508 1888 dixi:
533 1846 588 1899 ,sed
608 1861 619 1888 a
640 1851 659 1888 te
683 1859 706 1887 ea
727 1846 841 1901 diligentius

81 1918 250 1972 cognoscemus.“

138 1988 171 2027 Xl.
204 1986 295 2038 „lucif
311 1987 385 2040 iuquit,
402 1987 441 2039 ,de
456 1987 537 2041 figuris,
559 1999 608 2040 quas
624 1987 707 2040 inquiris
714 2001 721 2037 3
741 1987 761 2027 in
779 1988 842 2040 prima

81 2058 160 2111 quidem
177 2057 256 2115 visione
272 2070 334 2110 quare
345 2071 395 2099 anus
406 2059 440 2098 libi
452 2057 541 2111 apparuit
554 2069 615 2110 super
626 2057 740 2098 cathedram
751 2057 841 2098 sedens?

82 2127 198 2176 ⁵Ououiam
214 2128 295 2181 spiritus
311 2133 380 2169 vester
396 2129 497 2181 antiquior
513 2128 570 2168 etlam
587 2128 686 2169 marcidus
703 2133 744 2181 est,
766 2133 786 2169 et
800 2141 841 2169 non

81 2197 157 2237 habens
174 2198 213 2236 vim
229 2209 240 2236 a
256 2198 329 2237 vestris
346 2197 490 2238 infirmitatibus
507 2202 532 2238 et
543 2198 664 2240 dubitatione
683 2198 755 2240 cordis.
787 2198 842 2238 Sicut

82 2267 133 2307 enim
150 2268 254 2317 seniores,
276 2267 310 2318 qui
324 2279 364 2307 non
381 2268 454 2307 liabent
469 2280 525 2320 spem
541 2268 664 2320 renovandi,
686 2273 706 2308 et
724 2268 772 2308 nihil
787 2267 841 2307 aliud

81 2340 200 2389 exspectant
216 2336 254 2375 nisi
270 2335 410 2376 dormitionem
425 2349 492 2386 suam3
509 2337 538 2376 sic
555 2341 574 2376 et
589 2349 627 2378 vos
645 2338 736 2377 infirmati
752 2350 763 2377 a
778 2349 840 2378 secu-

79 2406 154 2446 laribus
170 2406 257 2460 negotiis
274 2405 382 2446 tradidistis
398 2417 435 2447 vos
451 2406 470 2446 in
487 2406 611 2460 socordiam,
634 2411 653 2447 et
667 2419 708 2448 non
725 2408 839 2462 projecistis

104 2533 123 2577 Ι)
136 2533 170 2568 Vis.
184 2532 196 2575 l,
210 2533 220 2565 2
233 2544 258 2577 sq.
468 2530 611 2576 ταπεινοφροσύνης
624 2530 653 2565 orla
665 2532 708 2567 ἔστιν
720 2530 840 2578 εὐπρόσδεκτον

103 2609 122 2651 2)
136 2609 172 2641 vis
185 2608 228 2650 Hq
468 2593 544 2635 γενέσθαι
556 2581 651 2636 npooruffljv.
843 2581 844 2584 Ι

103 2683 113 2717 3
135 2683 155 2716 v
183 2682 235 2727 HM
492 2649 510 2691 5)
523 2649 838 2695 AliamsenectutisEcclesiaeeupli-

114 2685 122 2726 )
151 2696 170 2717 ¹⁵¹
468 2708 552 2741 cntionem
565 2708 593 2753 teg
595 2709 679 2743 imnslis.
689 2708 711 2752 Il,
723 2709 742 2741 4.
756 2711 839 2754 quoniame

102 2766 122 2808 4)
135 2767 233 2830 Aritioclius
249 2765 294 2799 bom
309 2765 351 2799 406·
369 2778 418 2811 guare
405 2764 449 2798 ldt
467 2767 723 2811 omniumprimocreataoct,
736 2769 837 2804 laetalus
