1765 2987
152 176 245 212 HERblAE
258 176 348 223 PASTOR.
372 177 437 221 LIBER
450 177 476 213 ΙΙΙ,
502 177 585 214 subur.
598 177 626 213 ΙΙΙ.
640 178 660 212 V.
744 179 784 222 381

28 286 147 331 arbores?“
178 286 293 342 Respondi:
315 285 403 340 „videm
425 287 516 341 domiue⁷
538 289 585 331 alias
606 286 681 340 aridas,
703 291 722 328 et
738 287 786 327 alias

27 359 165 403 frondentes
199 360 254 412 „Hae
270 359 378 410 arbores‚“
400 360 472 413 inquit,
490 372 554 412 „quae
571 359 645 400 virides
661 363 718 411 sunt,
737 357 786 412 justi

27 435 82 481 sunt,
104 430 138 483 qui
153 429 261 471 habitaturi
276 434 323 471 sunt
338 430 358 470 iu
374 429 440 472 futuro
457 430 532 472 seculo,
563 430 611 471 lllud
630 431 681 471 euim
698 429 785 471 futurum

27 500 116 543 seculum
136 503 201 540 aestas
223 504 254 540 ost
272 500 330 554 justis
336 514 342 551 3
364 501 503 553 peccatoribus
525 505 591 542 autem
613 501 689 555 hyems.
721 500 784 548 Quum

27 582 77 624 ergo
103 569 192 610 illuxerit
214 570 351 612 misericordia
374 571 464 624 Domini,
491 577 538 613 tunc
561 572 725 624 declarabuntur,
752 571 786 625 qui
850 607 855 609 Α

27 640 117 683 serviunt
128 639 179 693 Deo,
196 645 216 681 et
232 641 322 682 omnibus
338 642 440 695 perspicui
456 646 519 682 erunt.
549 641 603 684 Sicut
615 642 666 683 eninr
677 642 696 682 in
708 646 785 682 aestate

27 711 103 752 fructus
120 710 197 751 arboris
213 710 355 765 cujuscumque
372 712 484 753 declaratur
496 716 520 753 et
533 716 587 766 patet
592 727 597 762 ;
607 713 642 760 sic
657 717 677 753 et
685 713 786 766 Justorum

26 782 98 824 factum
116 781 249 823 declarabitur
266 786 285 823 et
300 783 385 836 patebit;
408 787 428 823 et
449 793 518 823 omnes
540 782 614 823 hilares
636 786 656 823 et
675 782 786 837 gaudentes

25 853 46 893 in
66 852 99 893 illo
119 852 189 893 seculo
210 852 345 893 restituentur.
376 852 426 894 Naar
447 857 540 894 caeterae
563 856 646 908 gentes,
667 857 786 906 peccatores
817 851 820 853 ’

26 921 109 974 scilicet,
125 922 176 964 sicut
192 923 282 975 arbores,
299 934 348 976 quas
359 923 426 964 uidisti
438 923 510 976 aridas,
527 923 577 964 tales
589 923 717 965 inveniuntur
729 923 785 975 aridi,

26 996 46 1033 et
62 992 105 1033 siue
121 992 186 1034 fructu
202 994 222 1034 in
238 994 272 1035 illo
288 994 365 1046 seculo,
382 998 401 1041 et
415 995 465 1035 sicut
479 995 602 1049 aridaligua
616 995 759 1036 comburentur
770 992 785 1044 ¹3

26 1068 45 1104 et
65 1064 129 1117 palam
150 1065 194 1118 fiet,
216 1066 309 1118 quoniam
330 1066 381 1107 male
401 1065 493 1107 fecerunt
512 1065 532 1106 in
554 1065 608 1106 omni
624 1058 784 1119 temporemtae

25 1147 75 1176 suae
80 1148 86 1185 ς
107 1133 146 1176 ²et
162 1137 303 1177 comburentur
318 1136 375 1189 ideo,
392 1136 437 1189 quia
453 1139 600 1188 peccaverunt,
619 1139 639 1175 el
654 1139 785 1189 peccatorum

25 1217 107 1246 suorum
123 1218 163 1247 uon
180 1211 266 1261 egerunt
281 1208 428 1260 poeniteutiam.
456 1206 495 1248 Sed
508 1210 527 1246 et
538 1209 631 1246 caeterae
642 1209 714 1259 gentes
726 1217 784 1247 com-

24 1276 134 1328 burentur,
157 1276 202 1329 quia
224 1273 283 1318 ³non
305 1282 432 1331 agnoverunt
446 1278 510 1318 Deum
531 1281 643 1317 creatorem
659 1288 723 1318 suum.
755 1276 784 1316 Tu

26 1358 77 1399 ergo
93 1345 124 1387 fao
140 1346 225 1388 fructum
240 1347 320 1399 bonum,
337 1351 358 1388 ut
373 1347 393 1388 in
409 1350 484 1389 aestate
496 1351 631 1401 cognoscatur
642 1345 718 1387 fructus
730 1349 783 1397 tuus7

26 1420 46 1456 et
62 1416 139 1457 abstine
155 1420 175 1458 te
191 1429 202 1457 a
218 1417 282 1458 multis
299 1417 397 1471 negotiis,
419 1421 438 1457 et
453 1417 500 1458 nihil
518 1416 628 1469 delinques.
660 1417 784 1469 Quicumque

27 1487 79 1527 enim
100 1487 160 1528 multa
181 1488 356 1542 negotia'agunt,
380 1487 440 1528 multa
463 1487 591 1537 delinquunt5
614 1485 784 1540 quia'constricti

26 1561 72 1598 sunt
88 1557 140 1598 circa
156 1557 238 1611 negotia
254 1569 301 1609 sua,
323 1563 344 1598 et
358 1569 399 1598 non
415 1557 506 1598 serviunt
522 1557 571 1596 Dec.
603 1556 652 1597 Nam
668 1568 707 1608 quo
723 1556 783 1596 morlo

26 1631 93 1680 potest
108 1627 179 1679 bomo,
201 1627 290 1684 quinon
307 1627 440 1679 servitDeo,
462 1626 536 1679 aliquid
556 1630 627 1679 petere
651 1631 671 1667 et
691 1627 784 1678 accipere

26 1709 37 1737 a
53 1697 114 1738 Deo?
145 1696 183 1745 Qui
199 1697 251 1737 euim
267 1697 357 1738 serviunt
372 1697 423 1748 Deo,
438 1685 509 1750 petunt
525 1701 545 1736 et
560 1696 659 1750 accipiunt
674 1708 709 1737 sua
726 1695 783 1741 dese,

26 1765 86 1807 deria.
118 1767 195 1815 Quodsi
215 1779 276 1808 unum
296 1766 399 1820 negotium
421 1770 491 1807 tractat
512 1766 594 1818 aliquis,
615 1766 689 1820 poterit
703 1766 783 1807 seruire

25 1835 80 1886 Deo;
103 1837 196 1889 quoniam
212 1848 253 1877 uon
269 1836 367 1877 alienatur
382 1837 458 1877 animus
476 1837 518 1890 ejus
537 1848 548 1875 a
563 1836 659 1888 Domino,
680 1836 717 1876 sed
732 1847 783 1888 pura

25 1912 92 1947 mente
103 1908 166 1948 servit
176 1907 225 1947 Deo.
256 1907 299 1947 Hoc
311 1918 360 1961 ergo
372 1908 389 1948 si
400 1906 480 1958 feceris,
495 1905 571 1958 poteris
582 1906 602 1945 in
613 1910 698 1946 venturo
713 1904 782 1946 seculo

25 1975 100 2017 habere
111 1976 208 2027 fruotum3
224 1976 261 2017 sed
272 1980 292 2017 et
302 1977 424 2035 omnesqui
435 1976 519 2017 iecerint
529 1975 586 2027 haec,
598 1974 684 2015 fructum
695 1973 781 2015 ferent.“

324 2114 428 2168 Similitud
460 2114 484 2168 ΙΙ.

23 2232 55 2274 oe
69 2246 120 2274 oero
131 2233 217 2285 jeJunio
231 2237 251 2272 et
265 2232 310 2283 ejus
320 2232 415 2272 mercede
420 2244 428 2280 5
444 2236 486 2272 tum
497 2232 551 2273 etde
563 2231 659 2284 corporis
670 2231 782 2272 corroditis.

81 2327 95 2367 Ι.
119 2327 183 2374 Quum
191 2325 305 2379 jejunarem
317 2327 336 2364 et
347 2323 440 2365 sederem
451 2325 471 2364 iu
483 2330 551 2366 monte
567 2325 659 2377 quodam,
676 2328 695 2363 et
706 2323 781 2376 gratias

24 2409 106 2451 agerem
118 2397 162 2437 Deo
178 2408 215 2448 pro
233 2394 330 2446 omnibus,
347 2406 398 2447 quae
414 2394 490 2436 iecerat
503 2406 587 2446 mecum,
603 2392 663 2434 virleo
678 2396 780 2445 pastorem

23 2467 77 2507 illum
93 2466 198 2507 sedentem
210 2466 268 2519 juxta
283 2477 315 2504 me
336 2477 359 2505 ac
380 2465 479 2506 dicentem
499 2465 557 2505 milri:
578 2462 642 2515 „quid
663 2465 702 2502 tam
722 2473 780 2502 mane

23 2536 62 2577 huc
72 2536 175 2578 venisli?“
202 2534 315 2588 Respondi:
334 2535 446 2588 „quoniam⁷
460 2533 545 2584 domiue,
560 2531 681 2573 qstationem
692 2530 778 2572 habeor*

48 2640 65 2682 Ι)
85 2640 123 2674 Scil.
142 2640 159 2672 in
178 2639 252 2690 iulerno.
277 2640 391 2680 Jaolnaano„
433 2636 452 2680 3)
465 2634 498 2669 on.
509 2634 558 2669 Rom.
572 2632 588 2676 Ι,
600 2632 623 2666 20
637 2638 654 2666 et
666 2634 780 2677 docuinano„

22 2697 34 2731 Ι.
49 2709 63 2731 c.
77 2710 94 2743 p.
107 2698 135 2731 88.
409 2693 420 2726 Ι.
434 2705 448 2726 c.
461 2704 477 2736 p.
490 2692 519 2726 79.

46 2756 65 2798 2)
78 2755 135 2790 llatth.
149 2754 166 2798 3,
181 2753 207 2787 10.
224 2752 241 2796 7,
256 2753 282 2787 to.
433 2750 451 2793 4)
465 2749 510 2783 luter
534 2748 603 2784 Latinos
628 2749 689 2782 vivens
709 2746 780 2783 Hermas
