1765 2987
229 136 250 171 11.
264 136 385 172 CLEMENTIS
403 137 434 172 AD
448 137 497 173 COR.
511 137 523 173 1.
536 138 557 173 II.
570 137 599 172 111.
756 138 797 181 137

33 247 139 287 miseratus
156 250 185 287 est
201 258 250 298 nos,
273 250 292 287 et
313 247 425 288 visceribus
446 244 556 288 commotus
578 246 647 289 salvos
669 244 730 298 fecit,
752 258 797 287 cnm

34 321 145 370 spectasset
160 317 180 359 in
195 317 253 357 nobis
270 316 351 356 multum
368 329 460 357 errorem
476 321 535 369 etque
551 317 661 369 interitum,
683 328 721 357 neo
738 316 798 356 ullam

33 399 71 427 nos
86 387 161 428 habere
177 400 234 441 spem
250 387 325 436 solutis,
343 387 380 426 nisi
397 398 447 434 earn,
464 398 516 437 qnae
528 387 551 426 ab
566 387 610 438 ipso
626 391 661 427 est.
695 384 799 428 ¹Vocerit

35 456 87 497 enirn
103 469 146 510 eos,
163 458 196 510 qni
212 467 253 496 non
269 466 356 508 eramus,
374 459 393 495 et
408 454 471 495 voluit
487 467 498 495 e
514 455 576 497 nihilo
593 467 639 497 esse
655 468 699 497 nos.

34 574 56 627 HJ
81 586 186 636 Ecclesia,
202 585 264 637 prius
280 584 367 636 sterius,
383 584 494 625 vocatione
509 584 602 636 peculium
616 584 669 625 mire
683 583 797 635 foeeurcdo.

95 667 205 708 ²Loetnre
225 667 317 717 sterilis,
341 679 395 718 quoe
415 678 459 706 noo
477 667 553 718 poris;
576 678 660 717 erumpe
682 671 702 706 et
724 667 799 718 clamo,

36 750 90 791 quoe
105 750 148 778 mon
160 737 273 788 porum-tm
289 737 390 789 quonium
405 737 465 776 rnrrlti
478 736 519 787 pili
536 737 639 787 desertae
655 738 723 789 inopis
740 751 800 790 quum

37 809 94 860 ejus,
117 820 170 860 quae
185 807 248 849 luubel
263 807 338 847 cirum.
370 805 429 854 Quod
450 805 510 845 dixit:
533 806 613 847 laetere
630 808 723 858 sterilis,
744 807 800 860 'price

36 891 79 919 non
93 878 162 930 puris,
179 889 217 918 nos
233 876 318 926 indicet;
334 876 408 916 sterilis
425 876 477 915 enim
494 881 537 916 erat
551 877 637 917 ecclesia
648 881 724 928 nostro,
741 882 801 917 onte-

37 958 95 1000 qnam
112 946 131 986 ei
147 944 187 986 deti
204 945 328 986 essentfilii.
361 944 419 994 Quod
436 957 486 986 vero
505 944 565 986 dixit:
588 947 665 998 clama,
687 959 741 999 quoe
757 959 800 987 non
845 963 849 966 ·

34 1016 143 1069 porturis,
159 1015 199 1057 hoo
215 1015 272 1056 dicit:
293 1027 365 1068 preces
382 1019 463 1056 nostras
479 1015 539 1068 plene
555 1016 580 1057 ad
596 1017 661 1058 Deum
679 1017 799 1069 referemus,

37 1099 78 1128 non
89 1109 116 1116 —
127 1086 278 1139 parturientium
289 1086 351 1126 instar·
365 1109 393 1114 —
409 1082 547 1128 ³rtefictenns.
580 1087 638 1135 Quod
654 1093 720 1128 antem
738 1088 800 1128 dixit:

38 1156 90 1209 puio
105 1156 163 1195 inculti
177 1157 217 1208 ficti
233 1155 337 1204 desertore,
354 1155 421 1207 inopis
433 1167 495 1207 quom
506 1158 559 1207 ejus,
575 1169 629 1209 pocae
641 1157 705 1198 lrnbet
717 1159 799 1206 cirum,-

38 1226 58 1267 id
78 1226 138 1278 dixit,
160 1217 253 1278 queniam
272 1224 358 1279 populus
379 1229 449 1265 noster
470 1224 562 1267 desertus
584 1238 631 1268 esse
652 1222 757 1268 videbatur
779 1233 799 1269 et

38 1297 81 1337 Deo
98 1297 185 1347 orbatus,
202 1308 256 1336 nune
269 1307 326 1346 vero,
343 1294 507 1344 concredimus,
524 1293 609 1349 “plures
625 1297 671 1337 lecti
685 1309 754 1337 snmus
768 1298 799 1349 iis,

40 1366 73 1420 qni
97 1367 161 1407 Deum
183 1366 259 1406 hebere
283 1365 423 1406 censebantur.
460 1364 504 1405 Alia
530 1377 611 1418 quoque
635 1366 737 1418 Scriptura
763 1367 800 1407 eit:

40 1435 102 1478 ⁵n0n
122 1436 170 1476 cerii
188 1447 265 1477 cocere
281 1436 367 1487 justos,
389 1436 428 1475 secl
445 1441 575 1487 peccatores.
607 1437 651 1478 Hoc
667 1436 723 1488 dien,
748 1437 801 1489 quod

41 1507 112 1547 debeat
127 1502 236 1559 pereuntes
252 1518 342 1546 servare.
373 1505 394 1546 ld
412 1506 463 1546 enim
480 1517 573 1559 magnum
592 1510 611 1546 et
627 1506 743 1547 admirabile
759 1511 800 1547 est:

39 1576 121 1628 fulcire,
145 1587 186 1616 non
210 1588 261 1629 quae
281 1575 404 1627 stantsserl
427 1587 479 1628 quse
503 1575 581 1616 eadunt.
613 1576 646 1619 Sin
668 1580 688 1616 et
710 1575 802 1617 Christus

39 1644 142 1688 ⁶servere
157 1646 221 1687 voluit
235 1646 351 1698 pereuntia,
368 1651 388 1686 et
404 1646 476 1693 multos
492 1646 588 1697 servavit,
607 1647 692 1687 veniens
708 1658 801 1687 vocans-

40 1728 80 1769 que
95 1727 132 1757 nos
147 1717 189 1769 jam
204 1719 319 1769 pereuntes.

39 1843 70 1884 ΙΙΙ.
98 1842 237 1896 Confiteomur·
249 1842 359 1894 Ctuiscum,
372 1842 477 1894 facientes
488 1843 590 1884 rrcnrcdoiu
601 1847 653 1896 ejus,
668 1849 688 1884 el
698 1858 725 1885 ecc
737 1845 802 1886 corde

321 1927 366 1954 eum
381 1915 517 1955 lionorootcs.

101 1996 149 2037 Cum
169 1997 230 2050 igitur
250 2001 324 2037 tentam
345 1996 502 2037 misericordiam
524 2009 574 2051 erga
594 2008 633 2038 nos
654 1997 699 2050 ipse
719 1997 802 2038 iecerit:

41 2067 105 2121 primo
122 2065 212 2119 quidem,
229 2066 283 2120 qnod
299 2078 347 2117 nos,
364 2067 397 2120 qni
413 2066 509 2118 vivimus,
526 2066 563 2107 diis
579 2067 663 2108 mortuis
679 2078 721 2108 non
731 2068 802 2107 'secri-

41 2137 130 2188 ficemos,
146 2149 184 2177 neo
199 2136 306 2177 adoremus
322 2148 370 2188 eos,
389 2136 426 2177 sed
442 2150 479 2190 per
494 2138 558 2191 ipsum
576 2137 710 2191 cognovimus
726 2142 804 2192 petrem

42 2208 143 2257 veritatis;
160 2218 257 2258 quaenam
274 2210 305 2246 est
320 2208 409 2260 cognitio
427 2207 451 2247 ed
468 2220 513 2247 enm
530 2207 651 2260 perducens,
670 2208 709 2248 nisi
725 2213 746 2248 nt
762 2220 804 2248 non

42 2288 140 2331 negemus
161 2276 226 2327 illurn,
248 2288 285 2328 per
306 2287 365 2328 quem
382 2289 427 2317 enm
444 2276 595 2331 cognorimus?
625 2276 658 2318 Ait
676 2289 727 2317 vero
746 2278 805 2317 etiem

42 2348 96 2401 ipse:
114 2344 168 2399 7qui
183 2359 213 2386 me
230 2347 341 2399 confessus
356 2345 422 2397 fuerit
443 2360 515 2388 corum
535 2347 667 2397 luminibus,
690 2346 805 2400 confitebor

44 2429 89 2457 eum
109 2428 180 2456 coram
198 2420 259 2468 patre
278 2428 330 2456 roeo.
361 2417 416 2456 Haec
438 2421 469 2457 est
491 2418 558 2471 itaque
581 2428 659 2457 merces
683 2422 764 2468 nostre,
787 2417 805 2457 si

43 2533 116 2578 pliciter
125 2533 147 2566 au
156 2533 212 2566 Deum
221 2533 341 2577 perferamus,
354 2542 414 2577 neque,
458 2532 477 2573 5)
490 2530 549 2565 ttanh.
562 2530 579 2573 9,
593 2529 620 2564 13.
645 2529 685 2564 Luc.
699 2531 716 2573 5,
729 2529 757 2564 32,

45 2597 64 2625 ut
75 2591 206 2634 parturientes,
219 2590 345 2631 eocifcrcmur.
459 2591 477 2632 6)
491 2589 549 2622 ltletth⁴
564 2588 593 2630 18,
606 2587 633 2621 11.

69 2647 88 2688 4)
101 2647 126 2680 Ite
138 2646 210 2691 loquens
222 2657 241 2680 se
251 2645 334 2680 Gentilem
344 2648 416 2691 indicat,
459 2647 477 2689 1)
493 2646 551 2680 llatth.
565 2645 593 2688 10,
606 2644 634 2679 32.

45 2715 80 2740 non
92 2705 181 2740 Judaeum.
201 2706 299 2740 (lousrsnr.
