1789 2987
91 165 135 208 406
225 160 318 197 nuatum
330 158 423 206 PASTOR,
446 158 512 196 LIBER
524 158 552 195 III.
576 157 658 194 SIIIILIT.
672 158 714 193 VIII.

91 275 111 311 at
131 271 155 322 ii,
178 269 211 322 qui
232 268 289 309 tarde
311 271 407 323 egerunt,
428 267 448 306 in
470 268 532 308 mmis
553 267 645 308 habitant.
677 265 715 315 Qui
736 277 786 307 vero
807 278 848 308 non

92 345 178 396 egerunt
192 340 348 393 poenitentiam,
367 325 403 378 sed
423 338 444 377 in
466 338 507 378 suis
527 340 680 391 permanserunt
696 336 763 388 facus,
784 341 848 377 morte

91 410 207 450 morientur.
240 410 245 434 ¹
258 410 285 450 At
300 421 350 450 vero
366 409 393 461 bi,
410 408 444 461 qui
459 408 534 449 virides
550 407 629 461 quidem
645 408 726 461 virgas,
741 407 778 447 sed
794 407 848 448 scis-

91 491 148 520 suras
164 479 262 520 habentes
278 480 413 531 tradiderunt,
429 477 499 518 fideles
515 489 595 531 semper
610 477 690 518 fuerunt
706 481 726 517 et
741 477 796 530 boni,
812 478 848 518 sed

90 549 187 590 babentes
203 551 256 591 inter
271 562 294 591 se
310 549 414 603 quamdam
429 548 522 589 invidiam
539 554 559 589 et
574 549 639 589 zelum
655 548 680 588 de
700 548 813 603 principatu
825 552 849 588 et

91 619 194 674 dignitate.
224 621 299 661 Verum
316 631 385 662 omnes
401 619 516 674 hujusmodi
526 618 644 672 insipientes
655 622 701 660 sunt
712 622 732 658 et
742 618 796 671 fatui,
813 619 846 672 qni

90 689 165 731 habent
180 691 233 731 inter
248 702 271 731 se
287 690 440 731 aemuiationem
456 689 481 729 de
491 690 609 743 principatu.
639 691 732 730 Attamen
742 689 770 741 111,
786 701 847 743 quum

91 760 131 802 sint
147 760 221 815 alioqui
236 761 295 813 boni,
316 761 334 801 si
349 759 421 801 auditis
437 759 534 800 mandatis
550 759 593 800 istis
611 759 760 801 emendaverint
775 771 808 811 se,
829 764 848 801 et

92 831 130 872 cito
146 844 183 885 per
199 831 314 873 suasionem
330 843 393 871 meam
410 830 489 886 egerint
504 830 652 883 poenitentiam,
669 830 689 871 in
699 830 749 871 tnrri
761 829 848 883 denique

91 901 187 955 incipient
201 902 303 953 babitare,
319 902 370 942 sicut
386 905 406 941 et
420 901 452 952 Iri,
471 901 505 953 qui
521 905 607 953 egerunt
623 899 683 954 digne
699 900 847 954 poenitentiam.

91 970 168 1019 Quodsi
185 971 229 1023 quis
236 982 315 1017 ..eorum
331 982 402 1011 rursus
418 970 442 1012 ad
454 970 601 1011 dissensionem
611 969 700 1023 redierit,
715 971 847 1024 repelletura

89 1042 151 1094 turri,
168 1045 187 1082 et
203 1043 263 1083 vitam
279 1054 335 1082 suam
351 1041 427 1095 perdet.
458 1041 501 1082 Vita
518 1041 570 1081 enim
586 1052 666 1092 eorum,
683 1040 716 1093 qui
733 1041 848 1082 custodiunt

91 1111 182 1153 mandata
197 1112 288 1165 Domini,
304 1112 323 1152 in
340 1111 436 1153 mandatis
453 1111 554 1163 consistit,
576 1123 616 1152 non
632 1111 653 1151 in
668 1111 793 1165 principatu,
814 1116 848 1153 aut

90 1183 155 1236 aliqua
178 1182 280 1237 dignitate
311 1182 349 1223 Per
372 1181 484 1235 patientiam
507 1181 559 1222 enim
580 1186 600 1221 et
620 1180 748 1223 bumilitatem
770 1183 847 1223 animae

89 1253 150 1293 vitam
166 1252 257 1294 homines
274 1256 434 1305 consequentum
450 1264 487 1305 per
503 1251 613 1293 seditiones
628 1263 679 1293 vero
695 1256 715 1292 et
726 1256 847 1294 contemtum

89 1323 141 1379 legis
157 1328 241 1364 mortem
258 1323 296 1363 sibi
311 1322 436 1375 acquirent.“

148 1393 196 1434 VIII.
229 1393 281 1446 „Qui
297 1404 347 1434 vero
364 1393 383 1432 iu
400 1392 462 1446 virgis
477 1389 520 1433 suis
537 1392 637 1433 dimidium
653 1392 730 1434 aridum
740 1393 845 1448 habebant,

90 1469 110 1505 et
125 1464 226 1505 dimidium
242 1463 317 1516 viride,
332 1464 353 1504 hi
368 1469 415 1505 sunt
430 1463 600 1518 negotiationibus
616 1463 709 1516 involuti,
725 1476 792 1517 neque
807 1477 844 1518 ap-

88 1535 151 1587 pliciti
166 1535 251 1585 sanctim
273 1533 360 1588 ideoque
382 1534 440 1575 etiam
461 1533 561 1574 dimidium
578 1546 648 1575 eorum
664 1535 722 1586 vivit,
744 1534 844 1577 dimidium

89 1617 138 1646 vero
155 1609 253 1645 mortuum
270 1608 306 1645 est.
337 1604 393 1646 IIulti
408 1605 469 1659 igitur
485 1617 512 1645 ex
527 1604 572 1656 itus,
588 1603 659 1645 auriitis
671 1603 774 1657 mandatis,
791 1618 843 1659 ege-

87 1679 134 1715 runt
150 1674 304 1728 poeniteutiam7
321 1675 375 1715 etin
392 1675 442 1716 turri
456 1674 546 1716 habitare
562 1680 683 1729 coeperunt;
700 1674 778 1728 quidam
795 1688 844 1718 vero

88 1756 157 1785 eorum
168 1745 188 1784 in
200 1749 262 1786 totum
274 1744 397 1786 destiterunt.
420 1745 454 1786 His
466 1746 526 1800 igitur
536 1757 577 1786 non
588 1750 618 1786 est
628 1745 685 1786 icens
696 1746 843 1800 poenitentiae;

87 1812 118 1855 ²a
133 1816 270 1868 negotiatione
287 1816 338 1856 enim
354 1827 390 1856 sua
404 1815 490 1857 nefanda
506 1817 526 1856 iu
542 1816 648 1857 Dominum
668 1817 730 1858 Iocuti
746 1822 803 1870 sunt,
826 1821 845 1858 et

88 1897 133 1926 eum
153 1886 311 1941 abnegaverunt.
341 1886 426 1940 Propter
448 1886 499 1927 hanc
519 1886 580 1940 igitur
602 1888 710 1940 nequitiam
736 1888 845 1929 amiserunt

86 1956 152 1997 vitam.
184 1956 240 1997 iiiuiti
255 1968 305 1997 vero
323 1969 349 1997 ex
364 1956 394 1997 bis
411 1957 490 1998 dubiam
501 1962 587 1997 mentem
598 1956 711 1998 induerunt.
742 1957 814 1999 Adhuc
825 1943 854 1998 et

86 2025 111 2066 iis
127 2030 157 2067 est
177 2037 297 2081 regressus3
317 2027 362 2080 qui,
384 2028 401 2069 si
422 2028 461 2068 cito
483 2028 625 2080 poenitentiam
642 2029 733 2081 egerint,
753 2029 773 2068 in
794 2030 845 2070 turri

87 2096 156 2136 sedem
172 2096 283 2148 habebunt3
305 2097 387 2138 sivero
404 2096 478 2138 tardius
495 2098 583 2152 egerint,
604 2098 624 2138 in
640 2099 701 2140 muris
717 2098 844 2150 habitabunt3

87 2166 105 2207 si
121 2171 186 2207 autem
201 2179 241 2207 nou
258 2168 350 2222 egerint,
366 2173 452 2209 mortem
468 2168 506 2209 sibi
521 2168 631 2220 acquirent.
662 2169 689 2209 At
704 2169 730 2220 hi,
746 2170 780 2222 qni
795 2168 844 2211 duas

87 2240 155 2288 partes
172 2237 272 2291 virgarum
294 2249 374 2278 suarum
395 2238 470 2280 virides
485 2239 609 2292 babuerunt⁷
630 2243 649 2279 et
669 2239 746 2280 tertiam
763 2240 844 2293 aridam,

87 2307 224 2360 compluribus
240 2306 304 2348 modis
317 2307 420 2361 depravati
431 2307 557 2363 negaverunt
568 2308 679 2349 Dominum.
704 2309 773 2351 Exilis
784 2310 845 2364 igitur

87 2377 143 2417 multi
159 2382 246 2431 egerunt
256 2378 406 2431 poenitentiam,
423 2383 482 2431 atque
493 2380 519 2419 ita
530 2379 550 2418 in
561 2380 610 2419 turri
621 2378 711 2419 babitare
722 2386 845 2433 coeperunt;

88 2446 178 2487 etmulti
194 2460 205 2487 a
221 2447 265 2489 Deo
282 2448 302 2489 in
318 2453 437 2501 perpetuum
453 2452 588 2488 recesserunt.
619 2448 648 2488 1111
669 2450 730 2502 igitur
745 2450 765 2490 in
782 2454 844 2492 totum

88 2516 198 2556 amiserunt
213 2518 278 2558 vitam.
311 2518 394 2567 Quidam
411 2530 468 2570 vero,
484 2518 543 2559 dubia
559 2523 625 2560 mente
642 2525 745 2574 concepta,
762 2521 844 2563 dissen-

88 2586 156 2627 siones
173 2588 338 2639 concitaverunt3
359 2589 383 2630 iis
400 2590 465 2631 adhuc
480 2600 587 2643 regressus
609 2593 649 2641 est,
669 2591 686 2630 si
706 2590 745 2631 cito
766 2591 845 2646 egerint

113 2735 132 2780 1)
145 2734 179 2769 Cir.
192 2747 243 2781 supra
256 2747 270 2771 c.
281 2736 296 2771 1.
308 2748 325 2782 p.
335 2737 375 2772 4011.
387 2744 423 2773 not.
433 2738 464 2784 5,1
498 2738 517 2781 2)
530 2737 543 2772 I.
557 2749 572 2773 c.
585 2742 605 2775 ob
618 2742 752 2785 negotiationem
764 2753 822 2778 eccam.
