1765 2987
293 187 414 223 annutans:
426 188 538 225 cristata.
557 190 584 224 tx.
597 189 617 225 X.
806 192 834 234 23

78 295 194 347 credamus;
217 296 343 337 circumcisio
360 296 424 348 enim,
445 296 464 336 in
481 309 519 349 qua
535 297 562 338 illi
578 297 716 349 confidebant,
738 298 834 352 abrogata

78 369 114 405 est.
145 365 250 420 Praecepit
266 366 317 406 enim
333 365 444 417 Dominus,
463 367 632 408 circumcisionem
648 380 689 409 non
705 367 771 408 carnis
788 379 835 408 esse

56 460 60 467 s
77 434 198 485 faciendam3
220 436 332 476 nutantem
353 439 479 488 praeceptum
502 436 540 476 hoc
561 438 683 491 transgressi
704 441 762 489 sunt,
776 426 834 490 ‘quia

77 504 140 545 malus
158 505 242 559 angelus
260 504 339 558 decepit
355 505 405 546 illos,
437 505 470 545 Ait
484 505 508 545 ad
522 517 569 545 cos:
587 506 654 546 'dcccc
669 507 720 547 dicit
735 507 834 548 (tornines

76 573 135 614 Deus
148 579 217 614 cester·
233 572 265 628 [in
281 574 311 615 his
327 576 394 615 verbis
410 575 490 615 inuenio
507 573 597 615 ²novam
610 574 703 629 legem]:
718 578 783 617 nolite
798 590 833 617 se-

76 655 123 683 rere
134 655 197 694 super
207 645 292 696 spinum·
309 645 481 685 circumcidimini
491 645 583 684 Domino
596 650 673 685 aestro.
698 644 723 684 Et
734 645 780 696 quid
792 646 834 686 ruit

77 713 114 753 sibi
135 712 232 754 Dominus
254 713 310 754 hisce
334 714 417 754 uerbis?
449 711 641 763 ³Cir·cmncidite,-
656 713 714 765 dicit,
736 714 834 755 dimitiam

77 782 148 823 cordis
160 783 237 834 vestri,
252 789 272 824 et
284 783 384 825 ceruicem
395 788 487 824 cestrom
500 796 526 822 ue
538 783 649 823 induretis.
674 783 741 837 Atque
752 784 834 823 iterum:

72 850 154 902 icccc,
177 853 230 893 dicit
244 853 359 902 Dominus,
380 864 450 893 ornnes
465 858 536 904 parites
552 854 711 893 incircumcisae
727 858 787 902 sttui,
809 866 835 893 oc

74 923 209 975 praepatium
223 923 313 971 trabeam
334 923 372 964 istc
388 936 438 964 uero
452 924 545 975 popurus
561 919 706 978 [iudaeorum]
725 923 788 962 corde
803 929 836 963 est

76 992 243 1033 incircumcisus.
275 993 301 1033 At
314 993 401 1045 inquies:
418 996 437 1032 et
451 1004 501 1033 uero
515 992 547 1032 ilie
561 992 646 1045 populus
661 992 772 1046 insignum
786 992 834 1032 ioe-

77 1062 130 1103 deris
152 1061 305 1103 circumciditur.
338 1063 412 1102 Veram
430 1066 449 1101 et
464 1062 632 1102 circumciduntur
648 1060 694 1114 Syri
710 1074 790 1113 omnes,
811 1075 834 1102 ac

76 1131 165 1183 Arabes,
183 1131 206 1172 ae'
221 1143 291 1172 omnes
306 1132 422 1172 sacerdotes
438 1132 542 1173 idolorum.
568 1132 618 1172 Hinc
631 1144 682 1184 ergo
694 1132 794 1184 pertinent
805 1132 833 1171 uu

76 1214 157 1254 quoque
173 1200 197 1240 ad
213 1201 291 1241 Domini
309 1203 464 1242 testamentum?
496 1201 534 1244 Sed
552 1206 571 1240 et
582 1200 677 1253 Aegyptii
693 1201 833 1241 circumcisio-

76 1283 121 1311 nem
138 1274 240 1322 usnrpnnt.
271 1269 346 1310 Discite
361 1271 434 1323 igitur,
455 1271 499 1321 titii,
520 1270 544 1309 de
561 1270 652 1309 omuibus
669 1270 758 1320 abunde,
779 1270 833 1322 quod

76 1339 207 1390 Abrahamus,
219 1340 253 1391 qui
264 1340 338 1392 prinms
348 1339 401 1380 dedit
410 1340 589 1389 circumcisionem,
600 1340 619 1378 in
627 1339 698 1390 spiritu
708 1339 833 1391 prospiciens

76 1410 96 1450 in
112 1407 204 1458 ⁵Jesum,
220 1409 348 1461 circumcidit,
365 1422 457 1450 arcanam
474 1411 531 1449 trium
544 1409 655 1449 litterarum
668 1408 778 1448 doctrinam
795 1408 834 1448 ad-

76 1478 153 1536 hibens.
184 1477 257 1517 Narrat
275 1479 327 1517 enim
346 1480 456 1531 scriptura:
476 1476 515 1518 ⁶et
530 1463 659 1518 circumcidit
672 1477 804 1517 Abroiremus
823 1490 834 1516 e

76 1548 137 1588 dauco
155 1559 195 1587 sira
211 1546 336 1588 accitum
352 1549 417 1589 ciros.
448 1548 504 1596 Quae
520 1560 570 1601 ergo
588 1544 634 1587 ⁷iiti
650 1547 670 1586 in
687 1547 725 1587 hoc
741 1546 786 1586 data
803 1551 834 1586 est

77 1616 182 1669 cognitio?
208 1616 283 1656 Discite
299 1618 362 1669 primo
376 1617 478 1656 decernet
492 1621 548 1666 octo,
565 1616 610 1655 dein
623 1619 732 1657 trecentos.
759 1615 833 1655 Decem

76 1690 141 1726 autem
158 1689 178 1724 ct
193 1688 239 1724 octo
257 1686 404 1737 expriuuurtur,
426 1698 463 1737 per
478 1685 485 1725 1
501 1685 582 1735 decem,
599 1697 636 1737 per
651 1685 669 1725 H
685 1690 737 1726 octo.
767 1684 834 1725 Habes

76 1755 151 1794 initium
168 1753 254 1794 nonrinis
265 1753 320 1795 Jesu.
353 1754 402 1802 Quia
419 1766 468 1795 vero
485 1766 535 1794 crux
551 1755 569 1794 tn
587 1754 651 1807 figura
667 1754 745 1794 litterae
756 1754 772 1794 Τ
783 1766 834 1806 gra-

76 1824 122 1862 tiam
140 1823 284 1874 redemptionis
305 1828 387 1863 nostrae
406 1830 449 1863 erat
470 1825 585 1876 signatura,
607 1824 653 1863 ideo
677 1825 703 1863 ait
723 1829 833 1863 trecentos.

77 1892 168 1933 Ostendit
181 1892 249 1944 itaque
259 1891 328 1942 Jesum
339 1893 358 1931 in
371 1891 448 1934 duabus
461 1890 538 1944 litteris,
553 1897 572 1932 et
582 1904 661 1932 crucem
672 1892 691 1931 in
704 1892 766 1931 tertia.
793 1891 834 1931 Scit

76 1962 121 2013 hoc,
134 1961 167 2014 qui
177 1957 312 2014 ⁸profundius
324 1960 398 2003 donum
410 1961 512 2002 doctrinae
521 1960 572 2002 suae
579 1963 646 2014 posuit
655 1962 675 2001 iu
684 1961 748 2001 nobis.
770 1960 834 2001 Nemo

76 2031 141 2085 magis
149 2043 266 2086 germanum
274 2043 322 2071 ame
331 2031 408 2084 accepit
417 2043 530 2072 sermonem
535 2045 540 2081 ;
552 2030 588 2070 sed
597 2031 646 2081 scio,
659 2041 695 2069 vos
704 2029 775 2083 dignos
783 2041 835 2069 esse.

75 2157 100 2197 X.
127 2157 229 2198 Mummio
245 2159 271 2198 de
288 2158 340 2198 cibis
346 2188 353 2208 a
370 2157 423 2196 inuia
437 2169 451 2196 a
465 2157 555 2197 Jecdacis
572 2157 690 2205 uerticem,
709 2154 836 2195 Christianis

382 2231 432 2266 scirit
450 2231 529 2277 operio.

135 2303 217 2356 ⁹Quare
228 2313 294 2349 autem
301 2307 369 2348 dieses
379 2307 438 2347 dixit:
453 2304 519 2347 ¹⁰non
530 2304 685 2346 rnanciucabitis
695 2317 759 2354 sarem,
771 2316 836 2356 ireque

77 2377 182 2430 aquilam,
198 2389 266 2430 nepae
282 2377 413 2428 accipitrem,
431 2388 496 2429 neque
513 2388 610 2426 coruum,
627 2388 665 2415 nec
675 2374 740 2415 ulium
750 2376 836 2426 piscem,

100 2504 119 2547 8)
133 2503 167 2537 cfr.
181 2504 232 2549 supra
245 2514 281 2548 cap.
295 2503 308 2545 t,
321 2503 360 2537 Not>
373 2504 390 2536 4.
456 2506 459 2528 ¹
491 2503 522 2547 1⁰]
534 2502 625 2536 Levium.
639 2500 727 2534 uenum,
748 2498 796 2532 Haec
804 2510 835 2532 rc-

100 2560 119 2603 9)
132 2559 217 2595 Barnabas
233 2562 282 2607 leges
297 2561 381 2595 diosaicas
398 2532 508 2624 rnoregtitat
525 2559 624 2594 eBarnnba
643 2561 695 2594 Ciani.
708 2560 759 2593 Alex.
773 2557 835 2590 Strom.

76 2617 229 2653 Alexandrinorum
240 2620 332 2665 allegorice
341 2621 445 2663 interprete·
465 2617 484 2652 it.
498 2630 512 2651 c.
528 2618 555 2651 15.
574 2631 590 2663 p,
603 2618 647 2660 tut,
666 2622 682 2650 et
699 2615 735 2650 Lih.
748 2616 773 2659 V,
791 2626 805 2649 c.
820 2615 837 2650 8.

76 2682 108 2709 tur.
123 2674 341 2713 creuerSmcrcueerc
350 2676 446 2720 pat-ut.
465 2688 481 2720 p.
495 2677 528 2709 677
542 2676 569 2708 ed.
584 2676 643 2708 Vener.

72 2733 113 2768 Ὅτι
125 2746 149 2765 =
161 2746 201 2776 cur,
215 2740 295 2779 utsupra
309 2746 324 2768 c.
338 2735 349 2768 7
362 2740 379 2768 et
392 2736 409 2768 8.
