1765 2987
171 163 265 201 HERMAE
278 162 370 199 Pusroa.
394 163 460 220 LIBER
472 163 492 200 ll.
516 144 616 199 llANDllT.
629 163 657 200 lv.
752 165 793 207 351

37 276 95 321 mavit
111 288 142 316 me
159 274 240 329 dignum
257 284 310 325 esse,
326 276 439 315 utmecom
455 272 532 316 habites
548 285 639 328 semper3
655 286 718 329 pauca
732 272 794 314 verba

36 347 82 390 mihi
99 343 201 398 edissere,
223 345 323 398 quianon
339 343 429 397 intellig-0
446 332 562 398 quidquam,
584 349 604 385 et
620 357 655 387 cor
671 357 736 386 meum
754 344 793 386 ob-

36 421 120 460 turatum
142 421 173 457 est
193 429 204 457 a
224 415 308 469 pristina
329 415 494 465 conversatione,·
519 420 539 455 et
559 427 639 457 sensnm
663 415 710 456 milri
731 414 793 468 aperi,

36 489 80 542 quia
97 486 228 527 veliementer
244 485 327 527 obtusus
344 473 397 537 sirm,
418 485 471 526 etin
487 490 549 527 toturn
565 486 612 527 nihil
627 486 737 540 intelligo.“
769 485 793 527 Et

35 555 161 610 respondens
177 555 227 597 dixit
242 554 301 596 milri:
319 567 372 609 ,ego
392 553 534 609 ¹praeposilus
549 568 593 597 sun]
611 556 763 610 poenitentiae,
773 560 792 596 et

36 627 125 669 omnibus
151 625 293 679 poenitentiam
319 625 425 678 agentibus
448 637 530 667 sensum
554 626 587 684 do.
619 624 669 667 ²An
694 639 733 668 noar
757 627 792 667 rior

34 697 123 747 videtur,
140 696 282 749 poenitentiam
298 707 360 750 agere
376 708 467 750 magnam
482 695 598 748 sapientiam
615 707 661 737 esse
667 710 673 746 ;
692 697 791 749 quoniam,

35 769 68 823 qui
83 767 224 822 poeniteutiam
241 767 290 821 agit,
304 774 389 806 sensum
400 777 493 819 niagnmn
509 764 643 818 adipiscitur?
666 766 729 807 Sentit
740 766 792 806 enim

34 852 56 882 se
67 849 167 892 peccasse
175 841 194 878 et
206 836 280 878 iecisse
290 836 382 890 nequiter
393 836 413 876 in
424 840 535 889 conspectu
543 835 629 887 Domini,
644 841 662 876 et
673 835 793 877 recordatur

34 908 147 960 intellectu,
169 906 223 961 quod
240 906 331 960 deliquit,
351 910 371 946 et
386 906 527 959 poenitentiam
544 905 595 960 agit,
616 905 734 959 etamplius
751 918 791 947 non

34 983 128 1034 operatur
144 980 243 1032 nequiter,
258 977 293 1018 sed
310 981 404 1031 operatur
420 977 478 1028 berre,
496 982 515 1017 et
529 976 617 1017 humiliat
633 978 717 1018 animam
728 989 790 1029 suana,

34 1054 54 1091 et
69 1053 149 1103 torquet
164 1049 221 1102 eam,
240 1049 285 1103 quia
301 1048 398 1102 peccavit.
430 1047 490 1088 Vides
509 1059 570 1101 erga,
592 1047 646 1100 quod
667 1049 800 1101 poenitentia,

33 1132 105 1162 sensus
122 1124 152 1160 est
167 1119 270 1174 magnus.“
302 1118 325 1159 El
342 1118 383 1158 dixi
398 1118 436 1158 illi:
458 1117 619 1177 ,proplerhoc,
636 1117 727 1170 domine,
741 1118 790 1166 ,dili-

34 1191 200 1245 gentero'nquiro
217 1190 293 1241 omnia,
316 1189 408 1242 quoniam
424 1193 519 1241 peccator
534 1201 591 1239 sum,·
613 1193 632 1229 ul
648 1189 721 1241 sciam,
738 1202 790 1243 quae

34 1272 114 1314 operer,
131 1263 151 1300 et
166 1260 243 1311 vivam3
260 1259 306 1313 quia
321 1259 380 1299 multa
396 1264 442 1299 sont
455 1263 537 1313 peccata
548 1259 611 1299 nrea.“
638 1259 663 1300 Et
674 1259 723 1300 dixit
734 1260 789 1301 mim:

35 1331 112 1383 ,vives
128 1330 145 1371 si
161 1330 211 1371 lraec
226 1330 316 1373 mandata
333 1341 379 1374 mea,
392 1328 523 1379 custodieris3
540 1332 560 1369 el
574 1329 694 1383 quicumque
705 1330 791 1371 audierit

34 1406 53 1441 et
69 1400 139 1441 lecerit
155 1400 245 1441 mandata
260 1399 322 1452 haec,
338 1399 393 1440 vivet
408 1399 472 1441 Deo.“
804 1398 806 1400 ’

90 1471 120 1511 lll.
136 1471 161 1511 Et
177 1470 218 1511 dini
234 1471 272 1511 illi:
291 1471 363 1524 ,etiam
379 1482 438 1522 nunc,
455 1469 545 1521 domine,
563 1469 628 1511 audivi
645 1484 662 1512 a·
672 1471 790 1524 quibusdam

34 1540 155 1594 doctoribus
167 1540 221 1595 quod
237 1538 288 1582 3alia
299 1540 422 1595 poenitentia
433 1551 474 1580 non
486 1544 522 1592 est,
533 1540 571 1581 nisi
582 1541 621 1593 illa,
633 1554 677 1581 cum
688 1542 707 1582 in
719 1554 790 1594 aquarn

33 1597 173 1653 descendimus
197 1615 216 1652 et
236 1613 343 1665 accipimus
363 1610 503 1651 remissionem
522 1615 651 1663 peccatorum
668 1617 790 1664 nostrorum,

31 1682 115 1723 ulterius
131 1695 171 1724 non
187 1694 287 1736 peccare,
304 1681 375 1724 sedin
392 1670 482 1722 castitate
497 1681 636 1734 permaneref‘
658 1680 683 1722 Et
693 1682 720 1722 ait
731 1683 789 1723 milri:

33 1757 102 1805 „recte
118 1752 195 1793 audisti.
219 1752 277 1794 Nunc
292 1756 363 1804 autern,
380 1752 425 1806 quia
442 1751 548 1807 diligenter
564 1752 629 1811 cronia
645 1750 753 1806 4inquiris,
770 1757 790 1794 et

31 1823 69 1863 hoc
85 1823 120 1863 tibi
136 1823 263 1873 demonstro,
284 1834 325 1863 non
342 1822 391 1864 dans
408 1824 536 1864 occasionem
553 1820 621 1874 ⁵illis,
643 1823 677 1876 qui
693 1823 789 1864 credituri

31 1897 83 1945 sunt,
99 1897 132 1934 aut
143 1894 176 1946 qui
193 1891 271 1934 ⁶modo
283 1879 412 1934 crediderunt
423 1893 515 1934 Domino.
539 1889 595 1942 ⁷Q'ui
607 1893 658 1941 enim
667 1894 708 1947 jam
720 1880 789 1935 credi-

32 1963 109 2016 derunt,
126 1969 160 2005 aut
176 1965 210 2017 qui
226 1964 321 2006 credituri
336 1968 388 2015 sunt,
405 1963 548 2016 poenitentiam
559 1966 686 2016 peccatorum
698 1976 739 2004 non
750 1965 789 2005 lra-

31 2033 88 2086 bent,
109 2034 146 2074 sod
162 2035 307 2077 remissionem.
337 2034 378 2076 lllis
394 2031 476 2087 senim,
497 2034 531 2087 qui
546 2035 611 2075 vocati
628 2038 674 2076 sunt
690 2039 735 2076 ante
751 2035 788 2077 hos

55 2160 73 2205 l)
86 2159 120 2194 ca,
138 2171 188 2205 supra
202 2163 281 2195 Proocrn.
294 2161 344 2204 hujus
356 2160 398 2194 libri.
441 2161 459 2202 4]
472 2160 497 2194 lta
509 2161 567 2195 Lama
593 2162 638 2196 Alii:
652 2165 729 2209 qacacrt'n.

53 2218 72 2261 2)
85 2219 132 2254 Haec
148 2219 169 2252 ad
186 2230 254 2252 sensum
267 2219 333 2263 profert
346 2221 399 2255 C'lcrn.
442 2220 461 2264 5]
476 2218 502 2253 Sc.
516 2222 590 2265 arreptae
602 2224 695 2266 peccandi,
708 2226 789 2266 utsupra

30 2277 80 2312 Alam.
95 2278 156 2311 strom.
165 2276 186 2319 tl,
197 2276 223 2310 12.
233 2288 249 2320 p.
259 2276 293 2310 458
302 2278 329 2310 ed.
339 2277 399 2311 Venet.
419 2289 433 2311 c.
449 2277 464 2311 1.
477 2289 493 2322 p.
508 2277 548 2311 350.
562 2284 597 2311 not.
612 2279 628 2312 5.

53 2335 72 2379 3]
91 2334 117 2369 Ab
138 2335 200 2369 Hecura
225 2335 334 2379 distinguitur
356 2336 400 2369 inter
442 2336 460 2378 ὃ)
473 2338 524 2371 dlodo
538 2336 585 2369 addit
597 2335 655 2370 Lamb.

29 2395 155 2429 comessionem
166 2399 283 2438 ¹⁴peccatorum
303 2399 320 2427 et
335 2395 399 2439 pocati·
442 2394 461 2438 7)
474 2394 487 2429 Ι.
497 2405 511 2428 e.
521 2395 602 2439 baptizati
611 2395 638 2427 vel
647 2395 744 2438 baptizandi
753 2405 787 2429 non

30 2453 106 2486 toralium.
131 2451 179 2485 Prior
195 2463 227 2497 per
241 2453 354 2498 Baptiornom
366 2453 399 2485 tri·
418 2452 481 2486 habent
493 2454 626 2498 poeoitcnticm,
645 2453 675 2486 sed
688 2455 786 2489 remimu-

30 2506 93 2551 buitur,
105 2511 190 2555 posterior
203 2512 257 2545 acriacl
265 2511 284 2542 iis
294 2510 399 2554 conceditur,
418 2522 456 2545 rtem
469 2516 584 2555 peccatorum,
598 2511 636 2555 quia
647 2510 711 2557 absque
720 2510 787 2545 labori-

30 2567 58 2610 qui
75 2574 114 2612 post
129 2568 229 2612 baptismum
244 2569 260 2601 iu
276 2573 350 2612 peccata
357 2560 400 2603 *suut
417 2568 449 2601 bus
467 2578 487 2601 ac
505 2569 565 2612 poenis
584 2568 704 2602 satisfactionis
722 2579 786 2603 couse-

30 2623 100 2668 delapsi.
117 2625 165 2659 Hanc
178 2626 303 2659 distinctionem
312 2626 347 2669 jam
357 2626 398 2661 Cle·
418 2632 490 2670 quantur
502 2627 575 2659 veniam.
598 2627 662 2660 Coras.

30 2691 77 2715 mens
84 2683 133 2717 Alex.
141 2684 217 2728 agnovit,
224 2685 252 2728 qui
260 2683 316 2718 locum
323 2690 398 2719 nostrum
440 2684 459 2727 8)
473 2683 569 2727 Expectes:
590 2691 653 2720 arctam.
683 2684 787 2720 Particularia

30 2737 87 2773 laudat
99 2741 110 2775 Ι,
124 2753 138 2775 c.
152 2752 169 2786 p.
182 2741 222 2776 459.
236 2741 262 2775 ed.
276 2742 337 2777 Venet.
417 2741 461 2776 nralc
477 2743 529 2776 vertit
544 2747 592 2778 vetus
605 2742 697 2788 lotcrpres.
723 2743 787 2780 Sensus
