1765 2987
178 201 271 237 ΗΕΒΜΑΕ
284 201 376 237 PASTOR.
400 203 466 238 LIBER
478 204 498 238 tt.
524 204 624 240 tibuunt.
637 204 665 240 lx,
760 207 803 250 363

43 309 119 368 χήσῃς,
140 303 273 366 αἰτήσασθαι
293 305 354 367 παρά
374 315 415 352 τοῦ
432 312 516 355 dubites.
547 314 621 356 Potens
637 305 740 368 aliquid'a
756 315 802 356 Do-

45 378 111 430 Θεοῦ,
134 375 199 433 λέγων
220 377 241 421 ἐν
262 383 356 435 σεαντῴ,
379 377 413 422 ὅτι
431 384 496 436 mino,
516 396 542 425 ne
563 383 617 425 dieas
638 385 689 426 intra
709 389 740 426 te:
761 397 801 439 quo

43 448 91 497 ταῖς
119 447 254 504 1δυνήσομαι
282 443 413 505 αἰτήσασθαι
431 454 491 494 modo
506 466 557 494 vero
569 452 665 507 ¹possum
677 456 749 508 aliquid
761 468 801 509 pe-

42 513 103 576 νταρά
117 517 158 559 τοῦ
171 515 245 576 κορίον
261 516 316 575 [καὶ]
334 519 412 573 λαβεῖν,
431 527 474 564 tere
483 535 494 563 a
503 523 595 575 Domino,
605 527 624 564 et
634 524 731 577 obtinere,
741 539 801 579 quum

41 583 165 646 ἦμαρτρκιδς
180 587 275 630 τοσαῦτα
290 587 320 637 εἰς
334 583 411 644 αὐτόν,
430 593 467 633 sim
483 597 579 645 peccator
591 597 689 634 tantorum
704 595 801 636 malorum

42 654 82 715 ab}
96 655 219 712 διαλογίζον
233 657 313 710 ταῦτα,
328 655 374 702 ‹ttt’
389 657 412 709 ἐξ
430 662 450 702 in
461 660 583 703 Dominum?
599 662 692 703 Notihoo
702 665 800 718 cogitare,

42 723 92 784 ὅλης
109 725 200 783 καρδίας
219 740 259 770 σου
278 726 412 786 ε’νιίστρεψον
430 730 466 771 sed
478 743 505 770 ex
515 731 561 771 totis
572 731 696 783 praecordiis
711 745 801 773 conver-

41 792 98 856 ντρδς
118 796 199 854 κύριον,
220 796 256 839 καὶ
277 795 341 840 αἰτοῦ
360 796 412 856 παρ’
430 803 474 840 tere
485 799 629 840 adDominum.
644 800 749 841 Potestne
761 802 801 841 du-

41 865 109 910 αδτοῦ
120 861 269 918 -άδιστάκτιος,
289 865 323 909 καὶ
342 860 411 924 ννιδσῃ
430 869 531 922 bitatione,
541 873 561 908 et
568 867 802 912 seies²miseriuordinm

41 933 78 994 τὴν
93 934 325 994 2ττολνεαστιλανχνίαν
339 935 411 988 αὐτοῦ,
430 938 514 990 Domini,
526 938 580 991 quod
589 950 630 980 nou
639 943 658 978 te
667 939 800 993 derelinquet,

41 1006 74 1050 ὅτι
85 1000 112 1049 oe'·
120 1000 149 1064 μή
159 1020 183 1049 σε
193 1006 340 1064 ἐγκαταλείπῃ,
356 1002 412 1051 dido?
429 1008 466 1049 sed
481 1009 598 1062 petitionem
613 1009 690 1049 animae
704 1013 750 1050 tuae
761 1009 800 1050 ad-

40 1074 410 1135 τόαἴτηματῆςψνχῆςσοσττλιρρο-
428 1077 522 1130 implebit.
553 1078 598 1119 Non
620 1082 650 1119 est
671 1079 723 1119 enim
744 1080 800 1120 Deus

41 1143 136 1204 φορήσει.
164 1141 208 1189 Οιίκ
221 1143 266 1190 ἔστι
279 1141 410 1206 papiense
428 1147 481 1187 sicut
503 1147 595 1189 homines
619 1145 739 1189 ³memores
766 1149 800 1189 in-

40 1213 69 1265 ιδς
79 1213 101 1258 οἱ
114 1215 231 1273 evoptium
246 1217 409 1274 3μνησικακοῦν-
425 1217 535 1270 ρὐτὶοτοια,
551 1217 588 1258 sed
604 1221 635 1259 est
650 1218 754 1259 immemor
765 1219 800 1258 in-

39 1299 80 1337 τες,
91 1280 410 1343 αλλ’αδτόςάιινρσίκακόςέστι
425 1286 536 1339 juriarum7
552 1291 572 1327 et
587 1289 695 1329 miseretur
710 1288 800 1341 figmenti

39 1353 74 1397 καὶ
81 1354 247 1412 στιλαγχνίζεται
255 1355 293 1399 ἐντὶ
300 1353 338 1412 τήν
346 1355 410 1414 mein·
429 1356 460 1396 sni
471 1353 485 1394 ⁴.

40 1438 71 1468 σιν
86 1421 174 1469 attunt.
200 1425 229 1469 Σδ
242 1421 278 1469 οὖν
291 1421 411 1483 καθάρισον
459 1424 514 1479 Ergo
536 1425 619 1477 purifica
642 1438 677 1467 cor
698 1431 752 1467 tuum
775 1428 799 1468 ab

39 1494 75 1552 νῆν
89 1494 179 1552 καρδίον
197 1510 237 1539 οοο
258 1490 305 1539 sind
325 1495 412 1539 πάντων
430 1494 521 1534 omnibus
537 1495 590 1535 vitiis
606 1495 666 1549 hujus
685 1496 760 1547 seculi,
782 1501 802 1536 et

40 1565 81 1607 τιδν
96 1562 192 1619 ματαίων
207 1564 299 1618 τούτοιν,
318 1564 353 1609 καὶ
368 1566 412 1608 τῶν
430 1565 517 1604 observa
532 1564 634 1617 praedicta
654 1565 716 1606 verba
735 1565 770 1606 tibi
790 1579 800 1607 a

40 1634 198 1692 προειρημένων
210 1649 244 1678 σοι
255 1631 361 1693 ῥημάτιον,
376 1634 412 1678 καὶ
429 1635 473 1675 Deo
493 1634 549 1685 date,
572 1638 592 1674 et
608 1633 713 1689 ⁵aeeipies
735 1637 800 1677 omnia

40 1702 105 1747 αἰτοῦ
120 1701 180 1763 ιταρά
195 1706 234 1747 τοῦ
253 1704 337 1763 κνρίον,
359 1703 411 1748 5καὶ
429 1704 489 1756 bona,
505 1716 557 1756 quae
567 1705 626 1757 petis,
640 1708 659 1744 et
671 1717 697 1744 ex
708 1706 799 1746 omnibus
818 1732 821 1736 <

39 1774 104 1833 λήψῃ,
119 1772 154 1817 καί
169 1769 216 1817 cited
229 1773 314 1818 πάντων
325 1775 367 1817 τῶν
378 1774 412 1818 αἰ-
429 1774 559 1827 petitionibus
589 1775 628 1814 tuis
659 1773 707 1814 nihil
737 1774 801 1815 deerit

39 1840 139 1902 τρμάτων
164 1858 203 1886 σον
228 1843 344 1903 ἀστέρι-[τος
368 1841 411 1902 ἔσῃ,
429 1843 471 1895 tibi,
487 1844 504 1883 si
519 1844 564 1884 siue
580 1843 704 1885 dubitatione
718 1843 801 1897 petieris

40 1912 77 1957 ἐάν
92 1909 226 1963 α’διστάκτινς
242 1912 342 1973 αἰτήσεις.
367 1909 412 1957 Ἐάν
430 1913 549 1954 ebornino.

40 1983 65 2027 δὲ
80 1978 182 2042 διστάσρς
197 1984 220 2028 ἐν
234 1989 261 2042 τῇ
275 1982 352 2043 καρδία
366 1997 411 2036 σον,

40 2052 100 2096 οὐδὲν
116 2052 143 2097 od
155 2052 186 2112 pu}
199 2048 259 2112 λήψῃ
270 2054 312 2095 τῶν
322 2052 411 2111 αἰτημά-

40 2139 81 2166 τιον
97 2137 142 2167 σον.
176 2120 203 2166 Οἱ
217 2119 258 2181 γάρ
275 2118 411 2175 διστάζοντες
459 2121 497 2170 Qui
509 2133 558 2175 ergo
570 2121 620 2162 tales
631 2132 673 2161 non
685 2126 737 2173 sunt,
754 2132 800 2162 um-

41 2191 72 2243 εἰς
91 2190 128 2236 τὸν
145 2189 208 2244 Θεὸν,
231 2186 290 2235 οὗτοί
310 2190 363 2235 εἰσιν
382 2191 411 2241 ιδς
428 2192 476 2234 nino
487 2191 535 2233 nibil
544 2191 649 2243 impetrant
658 2202 735 2243 eorum,
747 2204 800 2245 quae

40 2262 140 2321 δίψυχοι,
155 2261 190 2306 καὶ
206 2261 269 2305 οὐδὲν
287 2259 342 2312 ὅλως
356 2262 410 2316 λαμ-
428 2265 504 2315 petunt.
526 2261 576 2302 Nam
588 2261 621 2313 qui
631 2261 685 2314 pieni
696 2265 742 2302 suut
752 2261 799 2314 fide,

39 2329 129 2387 βάνονσι
144 2333 187 2375 τῶν
200 2326 323 2389 αἰτημάτων
335 2330 410 2375 αὐτῶν.
430 2332 495 2372 omnia
510 2334 580 2384 petunt
594 2331 689 2382 fidentes,
707 2336 726 2370 et
742 2331 798 2371 aoei-

42 2401 68 2446 Oi
90 2403 115 2447 δὲ
136 2403 241 2452 ὁλοτελεῖς
262 2395 321 2451 ὄντες
342 2401 363 2445 ἐν
384 2401 412 2459 τῇ
430 2400 610 2455 pinntaDomino‚
626 2400 798 2452 quiasiuedubi-

40 2471 113 2516 τιίστει
122 2469 194 2517 στάντα
203 2470 320 2525 αἰτοῦνται,
329 2486 410 2515 πεντοι-
429 2472 504 2513 tatione
515 2474 589 2524 petunt.
614 2469 682 2510 Omnis
694 2470 747 2510 euim
758 2469 798 2511 du-

96 2589 145 2625 Grab.
159 2587 229 2631 δύναμαι
241 2586 340 2630 αἰτήσασθαί
351 2601 371 2620 τι.
452 2585 471 2630 5]
485 2584 518 2619 Cfr.
531 2583 589 2619 Maiih.
598 2584 615 2627 ¹7,
626 2583 653 2617 λλ.
666 2582 733 2626 21‚22.
751 2583 797 2618 Hel·-

99 2646 148 2681 Grab.
161 2647 312 2689 κολυικλαγχνίαν.
428 2654 472 2678 mam
488 2644 509 2677 ab
527 2644 603 2676 oratione
617 2642 669 2675 nimia
681 2642 743 2676 fiducia
756 2653 799 2687 opes

96 2704 147 2741 Grab.
160 2704 176 2737 αἱ
187 2706 320 2747 μνησικακοῦντες
333 2699 410 2747 nitidiora.
428 2707 518 2736 terrestres
530 2706 631 2746 expectasse
639 2705 687 2746 putat
696 2702 799 2737 auctmen-

62 2764 73 2795 4
95 2762 187 2808 Hucusque
199 2763 258 2809 fragm.
273 2762 333 2797 Grabii.
418 2752 470 2808 lituo,
483 2760 495 2795 l·
509 2770 526 2796 c.
538 2771 555 2804 p.
568 2758 597 2794 84-
