1789 2987
89 229 133 272 348
209 226 303 262 naariae
315 224 407 261 msrou.
431 214 497 261 uum
509 226 529 262 n.
554 214 652 283 rinnand
667 224 727 260 11111.

88 337 221 388 necessitate,
242 335 328 376 reddent
348 335 456 385 rationem-3
478 335 511 388 qui
534 340 599 375 antem
620 333 663 386 dat,
684 335 782 376 innocens
804 335 846 376 erit.

88 407 143 448 Sicut
164 407 216 446 euim
236 406 314 460 accepit
329 420 340 447 a
355 406 455 457 Domino,
475 406 605 447 ministerium
622 406 777 457 consummavit,
798 405 847 447 nihil

88 475 204 527 dubitando,
221 476 253 516 cui
269 476 326 516 daret
342 479 361 515 et
377 475 408 516 cui
424 486 466 515 uon
482 475 549 527 daret,
566 481 586 517 et
601 475 702 517 fecithoc
717 476 847 517 ministerium

87 545 204 599 simpliciter
221 549 241 585 et
255 545 347 600 gloriose
363 547 388 586 ad
404 545 473 586 Deum.
505 546 588 589 Custodi
606 559 656 602 ergo
672 545 785 588 mandatum
795 547 846 600 ‘hoc,

87 618 139 657 sicut
155 617 190 657 tibi
205 617 284 657 locutus
300 628 350 669 sum,
367 621 388 657 ut
403 617 527 670 poenitentia
543 623 576 659 tua
592 618 676 672 simplex
690 618 810 671 inveniatur,
827 622 847 659 et

86 688 151 740 possit
167 686 234 728 domui
249 691 295 727 tuoe
312 687 365 727 bene
380 687 435 738 fieri;
452 692 472 728 ct
487 700 523 729 cor
540 688 634 730 mundum
649 688 720 729 haho.“

377 825 504 881 llnndutum
523 828 558 882 lll.

86 947 118 987 Da
127 946 228 999 fupianclo
240 946 357 996 anennoeto,
374 951 393 985 ct
402 944 491 985 Hermae
500 947 634 998 poenitentia
646 946 671 988 ob
683 946 845 987 stimulationem.

119 1038 125 1062 ¹
136 1031 248 1094 Ἀλήθειαν
259 1032 338 1094 dydmu,
351 1035 386 1079 aot
397 1037 458 1079 πᾶσα
504 1040 577 1081 Iterum
587 1041 632 1081 milri
640 1040 698 1081 dixit:
713 1040 718 1064 ¹
728 1041 845 1092 ,ueritatem

87 1101 180 1165 ἀλήθεια
195 1105 217 1149 ἐκ
229 1111 257 1150 τὲ
267 1101 376 1161 στόματός
386 1121 413 1151 σε
424 1106 457 1151 ἐκ-
476 1109 544 1164 dilige,
561 1116 581 1151 et
592 1112 655 1152 omnis
667 1123 734 1169 sermo
745 1122 806 1151 verus
818 1123 845 1150 ex

87 1174 227 1235 πορευέσθω,
243 1175 278 1219 ‘t'ou
292 1175 318 1220 cd
333 1181 415 1232 πνεῦμα
430 1178 458 1219 τέ
476 1192 512 1221 ore
533 1185 567 1222 ino
588 1181 697 1234 procedat;
719 1185 739 1221 ut
755 1181 844 1234 spiritus,

89 1249 132 1291 Θεέ
139 1252 228 1306 auratac}
238 1262 306 1291 σοι...
320 1245 346 1290 Οἱ
354 1243 393 1306 ydp
404 1255 457 1306 ψει).
476 1263 535 1303 quem
543 1251 638 1292 Dominus
645 1251 747 1292 constituit
755 1252 774 1291 iu
785 1262 845 1292 carno

36 1338 39 1343 ·
87 1313 174 1373 ddpecot
189 1313 281 1361 uiuerent
296 1313 333 1360 cdo
348 1318 414 1361 oeno.
424 1350 429 1359 .
438 1349 456 1359 ..
476 1325 515 1372 tua,
531 1334 595 1361 verax
606 1323 718 1362 inveniatur
729 1322 780 1375 apud
792 1333 842 1361 cun-

88 1383 178 1443 ’Ἑλαβον
194 1385 233 1447 ydp
249 1391 332 1442 πνεῦμα
346 1382 456 1445 (aitpoeta,
476 1395 518 1431 ctos
525 1391 623 1443 homines,
633 1391 753 1432 etDominus
763 1391 844 1445 magni-

87 1457 122 1501 aul
138 1457 232 1515 ἐγένοντο
249 1452 358 1516 οἷκητήρια
370 1459 397 1500 ce}
407 1456 456 1515 cllp-
475 1460 551 1511 ficetur,
568 1462 601 1514 qui
616 1461 670 1502 dedit
680 1462 769 1514 spiritum
780 1461 800 1500 iu
811 1465 843 1510 te;

87 1529 140 1571 dare}
155 1523 280 1583 πνεύματος.
476 1531 521 1583 quia
537 1530 592 1571 Deus
613 1544 677 1572 verax
698 1535 729 1571 cst
749 1531 769 1571 in
790 1531 843 1571 omui

88 1601 163 1652 veruo,
186 1605 206 1641 et
226 1613 267 1641 non
289 1605 319 1640 est
339 1599 463 1640 mendacium
478 1600 498 1640 in
513 1600 564 1653 ipso.
596 1601 633 1649 om
649 1613 699 1655 crgo
716 1602 843 1652 mentiuntur,

88 1672 188 1724 abnegant
203 1671 321 1721 Dominum,
338 1682 378 1710 non
394 1669 502 1710 reddentes
518 1670 562 1710 Deo
579 1669 701 1724 depositum,
714 1671 767 1723 quod
784 1683 844 1711 acce-

86 1745 164 1795 perunt.
196 1742 324 1794 deceperunt
347 1741 399 1781 enim
423 1741 513 1793 spiritum
537 1733 580 1781 sine
603 1741 713 1781 mendacio.
748 1741 805 1782 Hunc
828 1742 846 1782 si

87 1811 202 1851 mendacem
213 1811 306 1861 reddunt,
323 1811 451 1863 coinquinant
462 1810 574 1851 inundatum
586 1811 671 1863 Domini,
688 1817 708 1852 et
719 1811 846 1852 daridatores

86 1881 154 1922 fiunt.“
187 1881 221 1921 His
244 1881 315 1921 auditis
338 1893 377 1935 ego
398 1882 529 1921 veliementer
550 1879 603 1921 deni.
635 1881 673 1929 Qui
689 1894 749 1934 quum
765 1881 845 1921 dentem

86 1964 118 1992 me
133 1951 217 2003 uideret,
234 1952 283 1991 dixit
298 1951 355 1991 milri:
373 1951 433 2004 ,quid
449 1951 546 2005 plorasl‘''
563 1951 588 1991 Et
604 1951 656 1991 dixi:
675 1952 788 2004 „quoniam
805 1952 845 1991 do-

86 2022 149 2073 mine,
170 2022 250 2073 nescio,
272 2033 296 2061 am
313 2021 388 2075 possim
405 2022 472 2061 sulvus
488 2020 554 2061 esse.“
588 2021 700 2072 ,Quarett
719 2021 790 2073 inquit.
821 2020 846 2060 Et

87 2091 139 2132 dixi:
164 2093 222 2145 „quia
239 2104 359 2144 numquam,
375 2092 467 2143 domine,
483 2103 553 2132 verum
570 2091 649 2132 locutus
665 2103 709 2130 sum
726 2090 809 2131 verbum
825 2090 845 2130 in

86 2163 126 2201 uita
142 2175 196 2212 mea,
213 2162 249 2201 sed
265 2173 346 2215 semper
362 2163 381 2202 in
399 2159 551 2202 ²siurulatione.
561 2162 613 2213 uixi,
631 2166 650 2202 et
665 2160 789 2201 mendacium
807 2172 844 2213 pro

86 2232 171 2271 veritate
193 2231 289 2271 affirmavi
311 2233 412 2282 omnitms3
436 2237 455 2272 et
474 2245 514 2272 non
531 2232 578 2271 milti
594 2232 699 2284 quisquam
715 2230 844 2282 contradixit,

85 2301 122 2341 sed
138 2300 188 2341 fides
205 2300 269 2340 uatum
287 2306 318 2340 est
333 2302 396 2342 verbo
413 2313 463 2342 meo.
486 2302 530 2350 Quo
547 2301 606 2342 modo
621 2313 671 2354 ergo
684 2306 755 2353 potero
768 2301 844 2351 virere,

86 2384 145 2424 quum
167 2373 196 2412 sic
217 2370 324 2424 egeriria‘?“
348 2371 373 2411 Et
394 2371 442 2411 dixit
462 2372 519 2411 mitri:
546 2376 580 2422 „tu
596 2371 675 2423 quidem
692 2371 744 2410 bene
759 2374 779 2410 ct
794 2382 844 2411 vere

85 2442 157 2490 sentis3
175 2441 281 2493 oportebat
297 2441 349 2480 enim
366 2445 395 2492 te,
411 2441 462 2481 sicut
478 2441 515 2480 Dei
531 2453 619 2492 servum,
635 2441 654 2481 in
671 2441 754 2481 veritato
771 2440 843 2481 ambu-

84 2511 139 2563 lare,
162 2515 181 2551 et
201 2511 271 2551 malam
287 2511 431 2551 conscientiam
448 2523 492 2551 cum
508 2511 578 2563 spiritu
594 2511 682 2552 ueritatis
698 2523 739 2552 nou
755 2511 844 2565 conjun-

85 2594 146 2635 gere,
168 2594 206 2621 nec
228 2578 345 2622 3tristitiam
362 2581 443 2634 Spiritui
458 2581 496 2621 Dei
512 2586 582 2621 sancto
599 2586 618 2621 et
634 2593 683 2623 vcro
699 2582 787 2622 lacerae
818 2581 844 2621 Et

110 2684 128 2728 1)
141 2684 167 2717 Ex
180 2687 240 2719 Docta.
255 2686 277 2719 ad
289 2686 369 2720 Antioctt.
384 2696 400 2719 n.
414 2684 430 2718 3.
474 2684 533 2718 nont
553 2686 657 2719 naonuimus:
680 2685 765 2722 Hermum
783 2686 844 2731 saciaco

108 2743 127 2784 2]
140 2743 183 2776 Vide
192 2742 245 2776 infra:
259 2745 357 2778 locuturas
365 2745 414 2788 falsa
421 2756 454 2789 pro
473 2750 593 2778 altercatoriam.

84 2802 159 2846 mapaliis
169 2803 211 2835 tuto.
232 2799 266 2834 Cir.
277 2811 320 2847 quae
330 2811 380 2846 supro
389 2812 405 2845 p.
413 2801 463 2848 324.Ι
496 2801 515 2843 3)
528 2800 591 2845 Ephcs.
605 2803 623 2845 4,
636 2801 664 2835 30.
