1765 2987
193 252 197 255 ι
263 206 396 243 MARTYRIUM
408 209 426 246 S.
438 209 525 246 lGllrlTll.
540 210 559 247 v.
572 209 598 245 Vl.
769 213 811 255 253

51 311 155 367 cupiebat,
178 326 222 356 cnm
246 314 307 357 vellet
329 328 366 369 per
389 318 474 372 vestigia
498 317 570 361 ¹Pauli
591 317 685 373 Apostoli
707 316 810 359 incedere.

51 381 99 423 Cum
115 393 166 424 vero
182 383 262 426 irruens
278 390 351 426 ventus
367 387 505 428 vehementior
520 388 540 429 id
561 400 601 430 non
622 392 737 442 pateretur,
758 401 811 429 nave

50 453 138 507 apuppi
153 453 248 507 impulsa,
269 455 348 497 beatam
369 457 493 511 praedicavit
515 457 631 500 charitatem
651 457 735 499 fratrum
756 458 810 500 illius

49 521 100 573 loci,
122 527 143 563 et
162 524 193 564 sic
213 525 403 579 praeternavigavit.
433 527 495 581 lgitur
515 540 556 568 nno
579 528 611 569 die
628 532 647 568 et
662 532 723 569 nocte
739 528 809 569 eadem

49 591 144 633 secundis
159 594 225 634 ventis
240 594 272 635 usi
288 595 447 648 abducebamnr,
470 608 507 638 nos
524 597 604 649 quidem
620 597 688 650 inviti,
703 601 809 651 gementes

49 662 75 703 ob
96 663 243 716 separationem
261 664 311 718 Justi
331 664 384 706 illius
406 680 417 707 a
437 667 495 708 nobis
517 678 565 707 mox
583 667 675 708 futuram.
706 666 767 708 Atei
783 680 810 709 ex

48 735 96 773 voto
118 743 153 773 res
177 733 318 789 contingebat,
342 734 445 776 festinanti
467 748 478 776 e
500 736 574 777 mundo
599 735 710 777 discedere.
742 736 809 784 Quare

49 814 93 843 cum
108 803 223 857 navigando
238 805 368 858 pervenisset
383 806 402 846 in
419 809 494 859 portus,
505 805 648 857 Romanorum,
667 806 753 859 finisque
769 806 809 846 im-

47 873 116 914 mundi
130 874 240 928 spectaculi
255 875 378 928 immineret,
399 875 471 918 milites
492 875 604 919 tarditatem
625 889 687 933 aegre
703 876 807 927 ferebant;

48 948 68 984 at
83 944 191 999 episcopus
206 944 298 1001 gaudens
314 945 432 1001 urgentibus
447 947 536 1000 parebat.

172 1074 203 1115 Vl.
234 1073 332 1126 Iqrzclins
347 1073 426 1115 Romae
443 1086 457 1114 a
472 1074 546 1115 bestiis
562 1075 695 1118 decoratum,

106 1154 161 1196 lllinc
177 1168 227 1210 ergo
244 1155 335 1197 abierunt
349 1157 373 1197 ab
391 1168 427 1208 eo,
444 1157 477 1209 qui
494 1156 565 1198 dicitur
581 1156 670 1198 ²Porlns
689 1155 741 1210 (Jam
756 1168 806 1197 vero

46 1237 117 1279 sparsa
134 1230 177 1267 erat
197 1227 259 1267 sancti
280 1225 373 1279 martyris
394 1223 471 1279 fama];
493 1224 615 1268 ³obviamus
636 1225 731 1267 fratribus
752 1230 806 1267 melo

47 1299 67 1335 et
82 1294 156 1349 gaudio
172 1296 261 1349 repletis,
276 1295 409 1349 gaudentibus
426 1294 516 1348 quidem,
536 1297 590 1350 quod
607 1308 720 1350 congressu
736 1296 806 1337 Theo-

46 1364 104 1418 phori
119 1366 175 1406 Deus
190 1366 246 1419 ipsos
262 1368 317 1406 esset
332 1364 436 1418 dignatus,
458 1366 571 1406 timentibus
588 1370 665 1417 antem,
687 1365 741 1419 quod
760 1365 805 1406 talis

46 1434 77 1474 vir
88 1434 113 1475 ad
123 1440 208 1476 mortem
219 1434 331 1476 duceretur.
358 1433 460 1483 Quosdam
471 1436 529 1476 etiarn
540 1437 622 1487 monuit,
638 1440 659 1476 ut
670 1436 806 1488 quiescerent,
865 1473 870 1476 .

46 1506 80 1559 qni
96 1505 201 1547 fervebant
216 1506 342 1559 aiebantque,
358 1517 381 1546 se
396 1505 492 1559 populum
508 1517 555 1547 esse
571 1504 685 1557 sedaturoS,
702 1517 727 1545 ne
742 1505 805 1545 virum

43 1575 118 1629 justum
139 1575 164 1618 ad
184 1588 255 1617 necem
276 1579 388 1629 quaereret.
420 1575 458 1624 Qut
479 1588 523 1617 cum
544 1575 650 1617 confestim
671 1588 714 1616 rem
734 1575 805 1627 spiritu

45 1645 177 1700 cognovisset
199 1650 218 1686 et
241 1658 311 1687 omnes
335 1645 453 1696 salutasset,
480 1650 501 1685 et
526 1646 550 1686 ab
575 1645 599 1685 iis
623 1657 693 1686 verum
717 1657 804 1687 amorem

44 1715 134 1767 pluribus
146 1716 219 1768 verbis,
237 1728 295 1769 quam
311 1716 331 1756 in
346 1713 456 1769 ⁴eptstota,
471 1716 569 1770 petiisset,
585 1716 651 1769 iisqne
662 1716 803 1769 persuasisset,

44 1796 70 1825 ne
86 1785 124 1826 sibi
139 1786 253 1827 inviderent
268 1784 292 1826 ad
303 1785 408 1827 Dominum
420 1777 527 1837 festinanti,
544 1797 603 1837 nunc,
619 1789 723 1839 postquam
737 1785 816 1827 cuncti.

44 1854 117 1896 fratres
133 1868 199 1910 genua
214 1856 325 1908 flexissent,
341 1855 426 1909 ipseque
441 1855 502 1898 filium
515 1856 553 1898 Dei
568 1868 605 1910 pro
622 1856 713 1897 ecclesiis
730 1861 750 1897 et
765 1867 803 1909 pro

44 1927 157 1968 cessatione
172 1926 320 1980 persecutionis
342 1930 361 1966 et
380 1938 418 1980 pro
440 1931 508 1967 mntno
528 1925 611 1967 fratrum
627 1926 679 1966 inter
695 1937 718 1966 se
734 1937 803 1966 amore

42 2002 136 2049 precatus
152 2001 216 2050 esset,
234 1996 330 2038 abductus
346 2000 377 2037 est
392 1997 497 2039 confestim
513 1998 533 2039 in
551 1996 721 2051 amphitheatrum.
753 1996 803 2038 Dein

41 2066 94 2108 illico
110 2067 130 2108 in
146 2066 166 2108 id
182 2067 281 2108 immissus
303 2080 329 2108 ex
345 2067 437 2108 mandato
454 2067 547 2108 Caesaris
564 2065 660 2120 ⁵Pridem
681 2066 741 2119 dato,
762 2067 803 2107 stne

42 2137 203 2191 spectaculorum
218 2137 333 2179 imminente
350 2134 469 2193 (eratenim
481 2137 584 2190 solemnis,
600 2142 622 2179 ut
635 2137 736 2191 potabant,
753 2137 803 2189 dies,

42 2207 76 2260 qui
92 2209 164 2249 dicitur
178 2220 260 2250 romana
276 2209 343 2262 lingua
360 2206 448 2250 5tertius
466 2209 566 2261 decimus,
585 2220 625 2261 quo
644 2206 735 2248 studiose
752 2219 802 2248 con-

41 2276 159 2334 renerent),
176 2280 205 2320 sic
221 2278 335 2320 crudelibus
352 2277 400 2320 feris
414 2279 472 2333 juxta
490 2274 603 2332 ⁷templum
619 2282 649 2319 est
665 2278 764 2332 objectus,
780 2281 802 2318 nt

41 2429 78 2473 quia
91 2427 131 2463 a'nte
144 2428 209 2474 aliquot
224 2440 292 2463 menses
309 2430 411 2463 sententiam
453 2429 473 2474 7)
492 2429 533 2463 Erat
551 2428 697 2474 Amphitheatrum
717 2435 746 2462 aut
763 2427 802 2462 Jcri

40 2488 157 2531 pronuntiarat
169 2487 182 2520 T
184 2485 257 2530 rajanns.
277 2488 369 2521 Gadareus.
429 2488 497 2530 Latiari,
511 2493 540 2521 aut
548 2487 615 2532 Stygio,
627 2492 644 2519 et
652 2486 718 2519 Dianae
726 2497 800 2529 sacrum,

63 2546 83 2590 6)
96 2545 123 2580 Sc.
136 2550 176 2579 ante
189 2545 273 2579 Calendas
286 2545 380 2587 lanuarias,
393 2543 421 2578 ut'
430 2546 608 2591 quarnohrem‘mirum
617 2549 692 2585 nonest,
705 2543 733 2577 bic
742 2543 800 2588 templi

40 2614 61 2636 ex
74 2614 111 2648 cap.
121 2602 151 2636 Vll
163 2610 244 2648 apparet:
255 2602 319 2647 ἔγένετο
330 2601 348 2635 δὲ
359 2604 411 2635 ταῦτα
429 2605 533 2637 mentionem
541 2602 583 2635 lieri.
597 2603 689 2636 Granicus.
707 2602 760 2635 Vetus
770 2601 800 2636 In-

38 2661 59 2701 τῇ
75 2660 107 2704 πρὸ
126 2659 213 2703 δεκατριῶν
228 2659 321 2692 Καλανδῶν
337 2657 411 2693 'larooo-
428 2667 495 2706 terpres
504 2671 538 2694 nnn
545 2660 588 2704 legit
597 2661 621 2703 τῷ
629 2661 667 2703 ναῷ,
680 2659 732 2693 habet
745 2660 800 2693 enim:

39 2718 81 2762 ρίων.
99 2717 130 2752 Die
139 2719 168 2752 illo
177 2718 308 2753 celebrabantur
317 2719 361 2754 binis
370 2719 409 2753 die-
429 2722 448 2754 ab
461 2721 529 2764 impiis,
542 2719 616 2752 fortasse
628 2717 699 2763 legens:
712 2715 756 2763 nopai
768 2720 801 2750 τῶν

38 2774 71 2811 hus
82 2779 184 2824 Sigillaria,
198 2777 266 2821 adjecta
274 2780 409 2814 Sctnrrrcltbno.
428 2774 497 2809 dvocabo
509 2778 546 2812 sive
558 2774 630 2820 α’νόμων.
648 2778 709 2812 Suras.
