<?xml version="1.0" encoding="UTF-8"?>
<!DOCTYPE html PUBLIC "-//W3C//DTD XHTML 1.0 Transitional//EN"
    "http://www.w3.org/TR/xhtml1/DTD/xhtml1-transitional.dtd">
<html xmlns="http://www.w3.org/1999/xhtml" xml:lang="en" lang="en">
 <head>
  <title>
</title>
<meta http-equiv="Content-Type" content="text/html;charset=utf-8" />
  <meta name='ocr-system' content='tesseract 3.04.00' />
  <meta name='ocr-capabilities' content='ocr_page ocr_carea ocr_par ocr_line ocrx_word'/>
</head>
<body>
  <div class='ocr_page' id='page_1' title='image "MN40298ucmf_0_0153.png"; bbox 0 0 1765 2987; ppageno 0'>
   <div class='ocr_carea' id='block_1_1' title="bbox 281 169 831 217">
    <p class='ocr_par' dir='ltr' id='par_1_1' title="bbox 281 169 831 217">
     <span class='ocr_line' id='line_1_1' title="bbox 281 169 831 217; baseline 0.011 -13"><span class='ocrx_word' id='word_1_1' title='bbox 281 169 403 205; x_wconf 78' lang='lat' dir='ltr'><strong>BARNABAE</strong></span> <span class='ocrx_word' id='word_1_2' title='bbox 414 170 527 207; x_wconf 77' lang='lat' dir='ltr'><strong>EPISTULA.</strong></span> <span class='ocrx_word' id='word_1_3' title='bbox 545 172 589 208; x_wconf 84' lang='lat' dir='ltr'>VIII.</span> <span class='ocrx_word' id='word_1_4' title='bbox 602 172 630 208; x_wconf 87' lang='lat' dir='ltr'>IX.</span> <span class='ocrx_word' id='word_1_5' title='bbox 805 175 831 217; x_wconf 84' lang='lat'>21</span> 
     </span>
    </p>
   </div>
   <div class='ocr_carea' id='block_1_2' title="bbox 72 277 833 1309">
    <p class='ocr_par' dir='ltr' id='par_1_2' title="bbox 72 277 833 1309">
     <span class='ocr_line' id='line_1_2' title="bbox 76 277 832 331; baseline 0 -10"><span class='ocrx_word' id='word_1_6' title='bbox 76 283 122 321; x_wconf 88' lang='lat' dir='ltr'>sunt</span> <span class='ocrx_word' id='word_1_7' title='bbox 142 279 166 330; x_wconf 82' lang='lat' dir='ltr'>ii,</span> <span class='ocrx_word' id='word_1_8' title='bbox 188 279 221 331; x_wconf 81' lang='lat' dir='ltr'>qui</span> <span class='ocrx_word' id='word_1_9' title='bbox 236 278 341 319; x_wconf 88' lang='lat' dir='ltr'>Dominum</span> <span class='ocrx_word' id='word_1_10' title='bbox 359 277 383 319; x_wconf 86' lang='lat' dir='ltr'>ad</span> <span class='ocrx_word' id='word_1_11' title='bbox 399 281 607 321; x_wconf 85' lang='lat' dir='ltr'>necemohinlernnt.</span> <span class='ocrx_word' id='word_1_12' title='bbox 639 280 697 323; x_wconf 86' lang='lat' dir='ltr'>¹Sed</span> <span class='ocrx_word' id='word_1_13' title='bbox 719 292 771 321; x_wconf 93' lang='lat' dir='ltr'>nunc</span> <span class='ocrx_word' id='word_1_14' title='bbox 792 292 832 322; x_wconf 89' lang='lat' dir='ltr'>non</span> 
     </span>
     <span class='ocr_line' id='line_1_3' title="bbox 76 347 833 404; baseline 0.001 -14"><span class='ocrx_word' id='word_1_15' title='bbox 76 349 160 403; x_wconf 87' lang='lat' dir='ltr'>amplius</span> <span class='ocrx_word' id='word_1_16' title='bbox 176 354 222 390; x_wconf 83' lang='lat' dir='ltr'>sunt</span> <span class='ocrx_word' id='word_1_17' title='bbox 238 349 275 389; x_wconf 86' lang='lat' dir='ltr'>viri</span> <span class='ocrx_word' id='word_1_18' title='bbox 291 347 406 402; x_wconf 84' lang='lat' dir='ltr'>¹nequam‚</span> <span class='ocrx_word' id='word_1_19' title='bbox 427 362 465 390; x_wconf 87' lang='lat' dir='ltr'>neo</span> <span class='ocrx_word' id='word_1_20' title='bbox 484 351 567 403; x_wconf 85' lang='lat' dir='ltr'>amplius</span> <span class='ocrx_word' id='word_1_21' title='bbox 584 363 621 404; x_wconf 90' lang='lat' dir='ltr'>pro</span> <span class='ocrx_word' id='word_1_22' title='bbox 637 351 778 404; x_wconf 87' lang='lat' dir='ltr'>peccatoribus</span> <span class='ocrx_word' id='word_1_23' title='bbox 794 350 833 391; x_wconf 89' lang='lat' dir='ltr'>ha-</span> 
     </span>
     <span class='ocr_line' id='line_1_4' title="bbox 75 419 832 473; baseline 0 -13"><span class='ocrx_word' id='word_1_24' title='bbox 75 420 154 465; x_wconf 87' lang='lat' dir='ltr'>bentur.</span> <span class='ocrx_word' id='word_1_25' title='bbox 185 419 243 459; x_wconf 91' lang='lat' dir='ltr'>Pueri</span> <span class='ocrx_word' id='word_1_26' title='bbox 261 430 311 459; x_wconf 88' lang='lat' dir='ltr'>vero</span> <span class='ocrx_word' id='word_1_27' title='bbox 330 424 461 472; x_wconf 77' lang='lat' dir='ltr'>aspergentes</span> <span class='ocrx_word' id='word_1_28' title='bbox 479 425 535 470; x_wconf 80' lang='lat' dir='ltr'>suni,</span> <span class='ocrx_word' id='word_1_29' title='bbox 558 422 591 473; x_wconf 84' lang='lat' dir='ltr'>qui</span> <span class='ocrx_word' id='word_1_30' title='bbox 611 422 753 462; x_wconf 83' lang='lat' dir='ltr'>nuntiaverunt</span> <span class='ocrx_word' id='word_1_31' title='bbox 774 421 832 462; x_wconf 89' lang='lat' dir='ltr'>nohis</span> 
     </span>
     <span class='ocr_line' id='line_1_5' title="bbox 75 488 832 543; baseline 0.001 -14"><span class='ocrx_word' id='word_1_32' title='bbox 75 488 216 529; x_wconf 88' lang='lat' dir='ltr'>remissionem</span> <span class='ocrx_word' id='word_1_33' title='bbox 231 493 372 541; x_wconf 77' lang='lat' dir='ltr'>peccatorum,</span> <span class='ocrx_word' id='word_1_34' title='bbox 389 494 409 529; x_wconf 85' lang='lat' dir='ltr'>et</span> <span class='ocrx_word' id='word_1_35' title='bbox 424 490 580 543; x_wconf 81' lang='lat' dir='ltr'>purificationem</span> <span class='ocrx_word' id='word_1_36' title='bbox 597 490 674 542; x_wconf 77' lang='lat' dir='ltr'>cordis,</span> <span class='ocrx_word' id='word_1_37' title='bbox 692 491 762 543; x_wconf 82' lang='lat' dir='ltr'>quihus</span> <span class='ocrx_word' id='word_1_38' title='bbox 779 490 832 531; x_wconf 90' lang='lat' dir='ltr'>dedit</span> 
     </span>
     <span class='ocr_line' id='line_1_6' title="bbox 76 557 832 613; baseline 0 -13"><span class='ocrx_word' id='word_1_39' title='bbox 76 559 176 613; x_wconf 79' lang='lat' dir='ltr'>evangeiii</span> <span class='ocrx_word' id='word_1_40' title='bbox 191 557 319 611; x_wconf 86' lang='lat' dir='ltr'>praedicandi</span> <span class='ocrx_word' id='word_1_41' title='bbox 336 562 453 612; x_wconf 83' lang='lat' dir='ltr'>potestatem</span> <span class='ocrx_word' id='word_1_42' title='bbox 459 573 465 608; x_wconf 80' lang='lat'><em>3</em></span> <span class='ocrx_word' id='word_1_43' title='bbox 482 559 555 612; x_wconf 77' lang='lat' dir='ltr'>quique</span> <span class='ocrx_word' id='word_1_44' title='bbox 570 564 616 599; x_wconf 84' lang='lat' dir='ltr'>sunt</span> <span class='ocrx_word' id='word_1_45' title='bbox 630 559 746 611; x_wconf 79' lang='lat' dir='ltr'>duodecim,</span> <span class='ocrx_word' id='word_1_46' title='bbox 762 561 781 600; x_wconf 93' lang='lat' dir='ltr'>iu</span> <span class='ocrx_word' id='word_1_47' title='bbox 793 561 832 601; x_wconf 88' lang='lat' dir='ltr'>tri-</span> 
     </span>
     <span class='ocr_line' id='line_1_7' title="bbox 75 628 831 681; baseline 0.003 -13"><span class='ocrx_word' id='word_1_48' title='bbox 75 630 135 669; x_wconf 82' lang='lat' dir='ltr'>buum</span> <span class='ocrx_word' id='word_1_49' title='bbox 151 628 298 679; x_wconf 88' lang='lat' dir='ltr'>testimonium,</span> <span class='ocrx_word' id='word_1_50' title='bbox 319 629 364 681; x_wconf 84' lang='lat' dir='ltr'>quia</span> <span class='ocrx_word' id='word_1_51' title='bbox 381 629 432 681; x_wconf 86' lang='lat' dir='ltr'>apud</span> <span class='ocrx_word' id='word_1_52' title='bbox 448 629 548 669; x_wconf 78' lang='lat' dir='ltr'>ismenias</span> <span class='ocrx_word' id='word_1_53' title='bbox 568 628 673 669; x_wconf 81' lang='lat' dir='ltr'>duodecim</span> <span class='ocrx_word' id='word_1_54' title='bbox 690 634 747 669; x_wconf 82' lang='lat' dir='ltr'>erent</span> <span class='ocrx_word' id='word_1_55' title='bbox 761 631 831 670; x_wconf 74' lang='lat' dir='ltr'>tribus,</span> 
     </span>
     <span class='ocr_line' id='line_1_8' title="bbox 74 696 832 752; baseline -0.003 -13"><span class='ocrx_word' id='word_1_56' title='bbox 74 698 101 739; x_wconf 81' lang='lat' dir='ltr'>At</span> <span class='ocrx_word' id='word_1_57' title='bbox 113 710 149 738; x_wconf 92' lang='lat' dir='ltr'>cur</span> <span class='ocrx_word' id='word_1_58' title='bbox 161 702 202 739; x_wconf 88' lang='lat' dir='ltr'>ires</span> <span class='ocrx_word' id='word_1_59' title='bbox 214 699 272 751; x_wconf 87' lang='lat' dir='ltr'>pueri</span> <span class='ocrx_word' id='word_1_60' title='bbox 286 699 434 752; x_wconf 70' lang='lat' dir='ltr'>aspergentes?</span> <span class='ocrx_word' id='word_1_61' title='bbox 460 698 536 751; x_wconf 82' lang='lat' dir='ltr'>Nempe</span> <span class='ocrx_word' id='word_1_62' title='bbox 548 698 566 737; x_wconf 93' lang='lat' dir='ltr'>in</span> <span class='ocrx_word' id='word_1_63' title='bbox 580 698 714 738; x_wconf 85' lang='lat' dir='ltr'>testimouium</span> <span class='ocrx_word' id='word_1_64' title='bbox 725 696 832 738; x_wconf 87' lang='lat' dir='ltr'>Abrahami</span> 
     </span>
     <span class='ocr_line' id='line_1_9' title="bbox 75 765 832 821; baseline -0.001 -13"><span class='ocrx_word' id='word_1_65' title='bbox 75 773 95 808; x_wconf 88' lang='lat' dir='ltr'>et</span> <span class='ocrx_word' id='word_1_66' title='bbox 110 767 172 808; x_wconf 80' lang='lat' dir='ltr'>isaaci</span> <span class='ocrx_word' id='word_1_67' title='bbox 188 772 208 808; x_wconf 86' lang='lat' dir='ltr'>et</span> <span class='ocrx_word' id='word_1_68' title='bbox 223 768 305 817; x_wconf 80' lang='lat' dir='ltr'>Jeenbi3</span> <span class='ocrx_word' id='word_1_69' title='bbox 327 767 380 820; x_wconf 87' lang='lat' dir='ltr'>quod</span> <span class='ocrx_word' id='word_1_70' title='bbox 400 769 412 807; x_wconf 95' lang='lat' dir='ltr'>ii</span> <span class='ocrx_word' id='word_1_71' title='bbox 431 768 498 821; x_wconf 79' lang='lat' dir='ltr'>magni</span> <span class='ocrx_word' id='word_1_72' title='bbox 517 767 590 808; x_wconf 87' lang='lat' dir='ltr'>fuerint</span> <span class='ocrx_word' id='word_1_73' title='bbox 609 779 676 808; x_wconf 84' lang='lat' dir='ltr'>cerem</span> <span class='ocrx_word' id='word_1_74' title='bbox 692 767 742 806; x_wconf 87' lang='lat' dir='ltr'>Deo.</span> <span class='ocrx_word' id='word_1_75' title='bbox 773 765 832 807; x_wconf 77' lang='lat' dir='ltr'>¹Cur</span> 
     </span>
     <span class='ocr_line' id='line_1_10' title="bbox 74 834 831 892; baseline -0.003 -15"><span class='ocrx_word' id='word_1_76' title='bbox 74 849 124 878; x_wconf 87' lang='lat' dir='ltr'>vero</span> <span class='ocrx_word' id='word_1_77' title='bbox 143 837 187 877; x_wconf 81' lang='lat' dir='ltr'>inne</span> <span class='ocrx_word' id='word_1_78' title='bbox 206 838 224 878; x_wconf 94' lang='lat' dir='ltr'>in</span> <span class='ocrx_word' id='word_1_79' title='bbox 243 837 299 890; x_wconf 80' lang='lat' dir='ltr'>ligno</span> <span class='ocrx_word' id='word_1_80' title='bbox 316 834 428 892; x_wconf 64' lang='grc'><strong>[13331311</strong></span> <span class='ocrx_word' id='word_1_81' title='bbox 460 836 509 884; x_wconf 84' lang='lat' dir='ltr'>Quia</span> <span class='ocrx_word' id='word_1_82' title='bbox 530 837 550 876; x_wconf 93' lang='lat' dir='ltr'>in</span> <span class='ocrx_word' id='word_1_83' title='bbox 571 836 626 890; x_wconf 74' lang='lat' dir='ltr'>ligno</span> <span class='ocrx_word' id='word_1_84' title='bbox 642 835 701 877; x_wconf 88' lang='lat' dir='ltr'>Jesus</span> <span class='ocrx_word' id='word_1_85' title='bbox 724 836 831 877; x_wconf 89' lang='lat' dir='ltr'>dominium</span> 
     </span>
     <span class='ocr_line' id='line_1_11' title="bbox 74 906 832 960; baseline -0.004 -12"><span class='ocrx_word' id='word_1_86' title='bbox 74 919 131 948; x_wconf 90' lang='lat' dir='ltr'>suum</span> <span class='ocrx_word' id='word_1_87' title='bbox 148 910 214 958; x_wconf 72' lang='lat' dir='ltr'>tenet,</span> <span class='ocrx_word' id='word_1_88' title='bbox 231 907 288 960; x_wconf 89' lang='lat' dir='ltr'>cujus</span> <span class='ocrx_word' id='word_1_89' title='bbox 302 918 372 957; x_wconf 79' lang='lat' dir='ltr'>cansa,</span> <span class='ocrx_word' id='word_1_90' title='bbox 390 906 422 958; x_wconf 86' lang='lat' dir='ltr'>qui</span> <span class='ocrx_word' id='word_1_91' title='bbox 437 906 456 946; x_wconf 93' lang='lat' dir='ltr'>in</span> <span class='ocrx_word' id='word_1_92' title='bbox 470 906 523 947; x_wconf 90' lang='lat' dir='ltr'>iilum</span> <span class='ocrx_word' id='word_1_93' title='bbox 537 910 629 959; x_wconf 74' lang='lat' dir='ltr'>sperant,</span> <span class='ocrx_word' id='word_1_94' title='bbox 646 907 714 947; x_wconf 89' lang='lat' dir='ltr'>viveni</span> <span class='ocrx_word' id='word_1_95' title='bbox 728 906 747 946; x_wconf 94' lang='lat' dir='ltr'>in</span> <span class='ocrx_word' id='word_1_96' title='bbox 761 911 832 946; x_wconf 84' lang='lat' dir='ltr'>aeter-</span> 
     </span>
     <span class='ocr_line' id='line_1_12' title="bbox 74 975 830 1029; baseline 0 -13"><span class='ocrx_word' id='word_1_97' title='bbox 74 989 126 1017; x_wconf 91' lang='lat' dir='ltr'>nnm.</span> <span class='ocrx_word' id='word_1_98' title='bbox 148 976 215 1024; x_wconf 80' lang='lat' dir='ltr'>Quare</span> <span class='ocrx_word' id='word_1_99' title='bbox 226 981 291 1017; x_wconf 85' lang='lat' dir='ltr'>autem</span> <span class='ocrx_word' id='word_1_100' title='bbox 303 976 360 1016; x_wconf 89' lang='lat' dir='ltr'>simui</span> <span class='ocrx_word' id='word_1_101' title='bbox 371 975 434 1015; x_wconf 79' lang='lat' dir='ltr'>ianam</span> <span class='ocrx_word' id='word_1_102' title='bbox 446 980 465 1015; x_wconf 87' lang='lat' dir='ltr'>et</span> <span class='ocrx_word' id='word_1_103' title='bbox 476 976 603 1029; x_wconf 78' lang='lat' dir='ltr'>hyssopum?</span> <span class='ocrx_word' id='word_1_104' title='bbox 626 976 723 1024; x_wconf 78' lang='lat' dir='ltr'>Quoniam</span> <span class='ocrx_word' id='word_1_105' title='bbox 735 977 754 1016; x_wconf 91' lang='lat' dir='ltr'>iu</span> <span class='ocrx_word' id='word_1_106' title='bbox 765 987 830 1029; x_wconf 78' lang='lat' dir='ltr'>regno</span> 
     </span>
     <span class='ocr_line' id='line_1_13' title="bbox 74 1043 830 1098; baseline 0.001 -12"><span class='ocrx_word' id='word_1_107' title='bbox 74 1046 125 1086; x_wconf 89' lang='lat' dir='ltr'>iliius</span> <span class='ocrx_word' id='word_1_108' title='bbox 134 1051 192 1086; x_wconf 89' lang='lat' dir='ltr'>erunt</span> <span class='ocrx_word' id='word_1_109' title='bbox 201 1045 243 1086; x_wconf 92' lang='lat' dir='ltr'>dies</span> <span class='ocrx_word' id='word_1_110' title='bbox 251 1045 296 1086; x_wconf 82' lang='lat' dir='ltr'>maii</span> <span class='ocrx_word' id='word_1_111' title='bbox 305 1057 328 1085; x_wconf 84' lang='lat' dir='ltr'>ac</span> <span class='ocrx_word' id='word_1_112' title='bbox 335 1044 417 1095; x_wconf 76' lang='lat' dir='ltr'>sordidi,</span> <span class='ocrx_word' id='word_1_113' title='bbox 427 1046 446 1085; x_wconf 91' lang='lat' dir='ltr'>in</span> <span class='ocrx_word' id='word_1_114' title='bbox 455 1046 526 1097; x_wconf 84' lang='lat' dir='ltr'>quibus</span> <span class='ocrx_word' id='word_1_115' title='bbox 534 1057 571 1086; x_wconf 93' lang='lat' dir='ltr'>nos</span> <span class='ocrx_word' id='word_1_116' title='bbox 580 1046 714 1086; x_wconf 76' lang='lat' dir='ltr'>servabimus:</span> <span class='ocrx_word' id='word_1_117' title='bbox 724 1043 830 1098; x_wconf 62' lang='grc'><strong>13333113-</strong></span> 
     </span>
     <span class='ocr_line' id='line_1_14' title="bbox 73 1115 829 1168; baseline 0 -13"><span class='ocrx_word' id='word_1_118' title='bbox 73 1116 159 1168; x_wconf 75' lang='lat' dir='ltr'>quidem,</span> <span class='ocrx_word' id='word_1_119' title='bbox 176 1116 209 1168; x_wconf 85' lang='lat' dir='ltr'>qui</span> <span class='ocrx_word' id='word_1_120' title='bbox 225 1127 311 1168; x_wconf 89' lang='lat' dir='ltr'>corpore</span> <span class='ocrx_word' id='word_1_121' title='bbox 327 1118 424 1168; x_wconf 77' lang='lat' dir='ltr'>aegrotat,</span> <span class='ocrx_word' id='word_1_122' title='bbox 440 1128 450 1154; x_wconf 87' lang='lat' dir='ltr'>a</span> <span class='ocrx_word' id='word_1_123' title='bbox 467 1115 561 1154; x_wconf 88' lang='lat' dir='ltr'>sordibus</span> <span class='ocrx_word' id='word_1_124' title='bbox 576 1127 612 1168; x_wconf 90' lang='lat' dir='ltr'>per</span> <span class='ocrx_word' id='word_1_125' title='bbox 623 1115 732 1167; x_wconf 82' lang='lat' dir='ltr'>hyssopum</span> <span class='ocrx_word' id='word_1_126' title='bbox 743 1120 829 1155; x_wconf 84' lang='lat' dir='ltr'>curetur.</span> 
     </span>
     <span class='ocr_line' id='line_1_15' title="bbox 72 1184 829 1237; baseline -0.003 -12"><span class='ocrx_word' id='word_1_127' title='bbox 72 1184 97 1225; x_wconf 87' lang='lat' dir='ltr'>Ei</span> <span class='ocrx_word' id='word_1_128' title='bbox 112 1189 196 1237; x_wconf 87' lang='lat' dir='ltr'>propter</span> <span class='ocrx_word' id='word_1_129' title='bbox 210 1185 261 1235; x_wconf 75' lang='lat' dir='ltr'>hoc,</span> <span class='ocrx_word' id='word_1_130' title='bbox 280 1196 331 1236; x_wconf 80' lang='lat' dir='ltr'>quoe</span> <span class='ocrx_word' id='word_1_131' title='bbox 347 1184 373 1224; x_wconf 83' lang='lat' dir='ltr'>ite</span> <span class='ocrx_word' id='word_1_132' title='bbox 387 1195 409 1223; x_wconf 92' lang='lat' dir='ltr'>se</span> <span class='ocrx_word' id='word_1_133' title='bbox 425 1184 509 1234; x_wconf 80' lang='lat' dir='ltr'>habent,</span> <span class='ocrx_word' id='word_1_134' title='bbox 525 1185 583 1225; x_wconf 88' lang='lat' dir='ltr'>nobis</span> <span class='ocrx_word' id='word_1_135' title='bbox 600 1184 703 1225; x_wconf 79' lang='lat' dir='ltr'>manifesta</span> <span class='ocrx_word' id='word_1_136' title='bbox 719 1189 776 1234; x_wconf 87' lang='lat' dir='ltr'>snm,</span> <span class='ocrx_word' id='word_1_137' title='bbox 792 1184 829 1224; x_wconf 93' lang='lat' dir='ltr'>iliis</span> 
     </span>
     <span class='ocr_line' id='line_1_16' title="bbox 73 1251 795 1309; baseline -0.003 -15"><span class='ocrx_word' id='word_1_138' title='bbox 73 1251 178 1309; x_wconf 83' lang='lat' dir='ltr'>[Iudaeis]</span> <span class='ocrx_word' id='word_1_139' title='bbox 194 1257 258 1294; x_wconf 82' lang='lat' dir='ltr'>antem</span> <span class='ocrx_word' id='word_1_140' title='bbox 275 1253 367 1304; x_wconf 84' lang='lat' dir='ltr'>obscura,</span> <span class='ocrx_word' id='word_1_141' title='bbox 384 1253 429 1304; x_wconf 89' lang='lat' dir='ltr'>quia</span> <span class='ocrx_word' id='word_1_142' title='bbox 445 1264 485 1293; x_wconf 90' lang='lat' dir='ltr'>non</span> <span class='ocrx_word' id='word_1_143' title='bbox 502 1253 606 1293; x_wconf 81' lang='lat' dir='ltr'>audierunt</span> <span class='ocrx_word' id='word_1_144' title='bbox 622 1265 694 1293; x_wconf 83' lang='lat' dir='ltr'>vocem</span> <span class='ocrx_word' id='word_1_145' title='bbox 709 1252 795 1292; x_wconf 86' lang='lat' dir='ltr'>Domini.</span> 
     </span>
    </p>
   </div>
   <div class='ocr_carea' id='block_1_3' title="bbox 71 1379 831 2344">
    <p class='ocr_par' dir='ltr' id='par_1_3' title="bbox 72 1379 830 1502">
     <span class='ocr_line' id='line_1_17' title="bbox 72 1379 830 1429; baseline 0 -9"><span class='ocrx_word' id='word_1_146' title='bbox 72 1379 105 1420; x_wconf 89' lang='lat' dir='ltr'>IX.</span> <span class='ocrx_word' id='word_1_147' title='bbox 135 1380 167 1420; x_wconf 85' lang='lat' dir='ltr'>Dc</span> <span class='ocrx_word' id='word_1_148' title='bbox 189 1380 351 1421; x_wconf 84' lang='lat' dir='ltr'>circumcisione</span> <span class='ocrx_word' id='word_1_149' title='bbox 371 1380 432 1420; x_wconf 80' lang='lat' dir='ltr'>neris</span> <span class='ocrx_word' id='word_1_150' title='bbox 452 1385 472 1419; x_wconf 80' lang='lat' dir='ltr'>et</span> <span class='ocrx_word' id='word_1_151' title='bbox 489 1380 572 1429; x_wconf 84' lang='lat' dir='ltr'>cordis,</span> <span class='ocrx_word' id='word_1_152' title='bbox 593 1384 613 1418; x_wconf 83' lang='lat' dir='ltr'>et</span> <span class='ocrx_word' id='word_1_153' title='bbox 628 1379 654 1419; x_wconf 88' lang='lat' dir='ltr'>de</span> <span class='ocrx_word' id='word_1_154' title='bbox 670 1379 830 1420; x_wconf 74' lang='lat' dir='ltr'>circumcisione</span> 
     </span>
     <span class='ocr_line' id='line_1_18' title="bbox 349 1448 553 1502; baseline 0 -14"><span class='ocrx_word' id='word_1_155' title='bbox 349 1450 420 1502; x_wconf 70' lang='lat' dir='ltr'>typice</span> <span class='ocrx_word' id='word_1_156' title='bbox 432 1448 553 1489; x_wconf 80' lang='lat' dir='ltr'>Adrndcmi.</span> 
     </span>
    </p>

    <p class='ocr_par' dir='ltr' id='par_1_4' title="bbox 71 1526 831 2344">
     <span class='ocr_line' id='line_1_19' title="bbox 132 1526 830 1581; baseline 0.001 -13"><span class='ocrx_word' id='word_1_157' title='bbox 132 1526 249 1581; x_wconf 77' lang='lat' dir='ltr'>⁵Loquitnr</span> <span class='ocrx_word' id='word_1_158' title='bbox 270 1540 332 1581; x_wconf 87' lang='lat' dir='ltr'>porro</span> <span class='ocrx_word' id='word_1_159' title='bbox 355 1528 453 1580; x_wconf 83' lang='lat' dir='ltr'>scriptura</span> <span class='ocrx_word' id='word_1_160' title='bbox 474 1528 499 1569; x_wconf 93' lang='lat' dir='ltr'>de</span> <span class='ocrx_word' id='word_1_161' title='bbox 520 1530 601 1569; x_wconf 84' lang='lat' dir='ltr'>auribus</span> <span class='ocrx_word' id='word_1_162' title='bbox 619 1529 706 1577; x_wconf 69' lang='lat' dir='ltr'>nostris,</span> <span class='ocrx_word' id='word_1_163' title='bbox 728 1528 830 1581; x_wconf 90' lang='lat' dir='ltr'>quomodo</span> 
     </span>
     <span class='ocr_line' id='line_1_20' title="bbox 73 1597 830 1651; baseline -0.001 -13"><span class='ocrx_word' id='word_1_164' title='bbox 73 1609 107 1638; x_wconf 82' lang='lat' dir='ltr'>eas</span> <span class='ocrx_word' id='word_1_165' title='bbox 123 1602 143 1638; x_wconf 87' lang='lat' dir='ltr'>ei</span> <span class='ocrx_word' id='word_1_166' title='bbox 158 1610 194 1638; x_wconf 86' lang='lat' dir='ltr'>cor</span> <span class='ocrx_word' id='word_1_167' title='bbox 209 1602 298 1638; x_wconf 83' lang='lat' dir='ltr'>nostrum</span> <span class='ocrx_word' id='word_1_168' title='bbox 320 1598 466 1637; x_wconf 80' lang='lat' dir='ltr'>circumciderit</span> <span class='ocrx_word' id='word_1_169' title='bbox 482 1598 585 1638; x_wconf 84' lang='lat' dir='ltr'>Dominus.</span> <span class='ocrx_word' id='word_1_170' title='bbox 615 1597 650 1638; x_wconf 84' lang='lat' dir='ltr'>Ait</span> <span class='ocrx_word' id='word_1_171' title='bbox 665 1598 761 1638; x_wconf 87' lang='lat' dir='ltr'>Dominus</span> <span class='ocrx_word' id='word_1_172' title='bbox 777 1597 830 1651; x_wconf 87' lang='lat' dir='ltr'>apud</span> 
     </span>
     <span class='ocr_line' id='line_1_21' title="bbox 72 1664 829 1720; baseline 0 -13"><span class='ocrx_word' id='word_1_173' title='bbox 72 1667 200 1720; x_wconf 84' lang='lat' dir='ltr'>Prophetam:</span> <span class='ocrx_word' id='word_1_174' title='bbox 218 1664 256 1706; x_wconf 69' lang='lat' dir='ltr'>fiin</span> <span class='ocrx_word' id='word_1_175' title='bbox 268 1666 341 1705; x_wconf 75' lang='lat' dir='ltr'>nodilo</span> <span class='ocrx_word' id='word_1_176' title='bbox 354 1667 415 1706; x_wconf 81' lang='lat' dir='ltr'>mnis</span> <span class='ocrx_word' id='word_1_177' title='bbox 428 1666 552 1707; x_wconf 79' lang='lat' dir='ltr'>obedierunt</span> <span class='ocrx_word' id='word_1_178' title='bbox 562 1668 618 1707; x_wconf 74' lang='lat' dir='ltr'>tuidi.</span> <span class='ocrx_word' id='word_1_179' title='bbox 643 1666 668 1707; x_wconf 86' lang='lat' dir='ltr'>Et</span> <span class='ocrx_word' id='word_1_180' title='bbox 684 1668 754 1707; x_wconf 84' lang='lat' dir='ltr'>iterum</span> <span class='ocrx_word' id='word_1_181' title='bbox 771 1666 829 1707; x_wconf 85' lang='lat' dir='ltr'>dicii:</span> 
     </span>
     <span class='ocr_line' id='line_1_22' title="bbox 74 1734 829 1787; baseline -0.001 -11"><span class='ocrx_word' id='word_1_182' title='bbox 74 1734 166 1776; x_wconf 83' lang='lat' dir='ltr'>¹nnditu</span> <span class='ocrx_word' id='word_1_183' title='bbox 182 1736 281 1784; x_wconf 71' lang='grc'><strong>33311331,</strong></span> <span class='ocrx_word' id='word_1_184' title='bbox 302 1737 337 1786; x_wconf 81' lang='lat' dir='ltr'>qni</span> <span class='ocrx_word' id='word_1_185' title='bbox 355 1737 415 1786; x_wconf 79' lang='lat' dir='ltr'>inope</span> <span class='ocrx_word' id='word_1_186' title='bbox 432 1736 519 1783; x_wconf 48' lang='lat' dir='ltr'>nisam&amp;</span> <span class='ocrx_word' id='word_1_187' title='bbox 541 1749 595 1787; x_wconf 76' lang='lat' dir='ltr'>pinne</span> <span class='ocrx_word' id='word_1_188' title='bbox 614 1735 669 1786; x_wconf 81' lang='lat' dir='ltr'>feci,</span> <span class='ocrx_word' id='word_1_189' title='bbox 690 1737 764 1776; x_wconf 84' lang='lat' dir='ltr'>scient.</span> <span class='ocrx_word' id='word_1_190' title='bbox 794 1735 829 1776; x_wconf 87' lang='lat' dir='ltr'>Et:</span> 
     </span>
     <span class='ocr_line' id='line_1_23' title="bbox 72 1801 829 1854; baseline -0.003 -10"><span class='ocrx_word' id='word_1_191' title='bbox 72 1802 232 1845; x_wconf 85' lang='lat' dir='ltr'>8circumcidite</span> <span class='ocrx_word' id='word_1_192' title='bbox 243 1805 311 1844; x_wconf 86' lang='lat' dir='ltr'>cordo</span> <span class='ocrx_word' id='word_1_193' title='bbox 321 1810 400 1854; x_wconf 75' lang='lat' dir='ltr'>cestre,</span> <span class='ocrx_word' id='word_1_194' title='bbox 418 1805 445 1843; x_wconf 85' lang='lat' dir='ltr'>aii</span> <span class='ocrx_word' id='word_1_195' title='bbox 456 1804 557 1845; x_wconf 88' lang='lat' dir='ltr'>Dominus.</span> <span class='ocrx_word' id='word_1_196' title='bbox 589 1805 612 1844; x_wconf 87' lang='lat' dir='ltr'>Ei</span> <span class='ocrx_word' id='word_1_197' title='bbox 623 1816 694 1844; x_wconf 86' lang='lat' dir='ltr'>rursus</span> <span class='ocrx_word' id='word_1_198' title='bbox 705 1805 743 1844; x_wconf 84' lang='lat' dir='ltr'>aii:</span> <span class='ocrx_word' id='word_1_199' title='bbox 760 1801 829 1844; x_wconf 84' lang='lat' dir='ltr'>⁹nndi</span> 
     </span>
     <span class='ocr_line' id='line_1_24' title="bbox 71 1873 828 1926; baseline -0.003 -12"><span class='ocrx_word' id='word_1_200' title='bbox 71 1875 141 1914; x_wconf 78' lang='lat' dir='ltr'>Israel</span> <span class='ocrx_word' id='word_1_201' title='bbox 147 1905 153 1924; x_wconf 83' lang='lat'><em>,</em></span> <span class='ocrx_word' id='word_1_202' title='bbox 176 1874 228 1913; x_wconf 79' lang='lat' dir='ltr'>doec</span> <span class='ocrx_word' id='word_1_203' title='bbox 250 1873 301 1913; x_wconf 81' lang='lat' dir='ltr'>dicit</span> <span class='ocrx_word' id='word_1_204' title='bbox 320 1874 424 1914; x_wconf 77' lang='lat' dir='ltr'>Dominus</span> <span class='ocrx_word' id='word_1_205' title='bbox 445 1874 503 1914; x_wconf 85' lang='lat' dir='ltr'>Dens</span> <span class='ocrx_word' id='word_1_206' title='bbox 527 1879 579 1914; x_wconf 73' lang='lat' dir='ltr'>inne</span> <span class='ocrx_word' id='word_1_207' title='bbox 610 1873 724 1926; x_wconf 72' lang='lat' dir='ltr'>iterumque</span> <span class='ocrx_word' id='word_1_208' title='bbox 747 1873 828 1926; x_wconf 90' lang='lat' dir='ltr'>spiritus</span> 
     </span>
     <span class='ocr_line' id='line_1_25' title="bbox 72 1941 829 1995; baseline -0.003 -12"><span class='ocrx_word' id='word_1_209' title='bbox 72 1943 149 1984; x_wconf 89' lang='lat' dir='ltr'>Domini</span> <span class='ocrx_word' id='word_1_210' title='bbox 165 1942 288 1995; x_wconf 63' lang='lat' dir='ltr'>prophetati</span> <span class='ocrx_word' id='word_1_211' title='bbox 306 1941 322 1964; x_wconf 88' lang='lat'>¹¹¹</span> <span class='ocrx_word' id='word_1_212' title='bbox 332 1943 379 1994; x_wconf 73' lang='lat' dir='ltr'>piris</span> <span class='ocrx_word' id='word_1_213' title='bbox 396 1949 439 1990; x_wconf 73' lang='lat' dir='ltr'>em,-</span> <span class='ocrx_word' id='word_1_214' title='bbox 456 1945 491 1995; x_wconf 80' lang='lat' dir='ltr'>qni</span> <span class='ocrx_word' id='word_1_215' title='bbox 508 1945 551 1983; x_wconf 80' lang='lat' dir='ltr'>enit</span> <span class='ocrx_word' id='word_1_216' title='bbox 565 1944 636 1983; x_wconf 84' lang='lat' dir='ltr'>eicere</span> <span class='ocrx_word' id='word_1_217' title='bbox 652 1943 675 1982; x_wconf 88' lang='lat' dir='ltr'>in</span> <span class='ocrx_word' id='word_1_218' title='bbox 688 1942 829 1993; x_wconf 65' lang='lat' dir='ltr'>perpetuom?</span> 
     </span>
     <span class='ocr_line' id='line_1_26' title="bbox 71 2011 829 2064; baseline -0.003 -11"><span class='ocrx_word' id='word_1_219' title='bbox 71 2012 187 2053; x_wconf 82' lang='lat' dir='ltr'>Andiiione</span> <span class='ocrx_word' id='word_1_220' title='bbox 201 2012 277 2052; x_wconf 82' lang='lat' dir='ltr'>andini</span> <span class='ocrx_word' id='word_1_221' title='bbox 288 2025 358 2053; x_wconf 81' lang='lat' dir='ltr'>vocem</span> <span class='ocrx_word' id='word_1_222' title='bbox 371 2013 412 2064; x_wconf 68' lang='lat' dir='ltr'>pin*</span> <span class='ocrx_word' id='word_1_223' title='bbox 424 2013 468 2053; x_wconf 85' lang='lat' dir='ltr'>mei.</span> <span class='ocrx_word' id='word_1_224' title='bbox 495 2012 519 2052; x_wconf 86' lang='lat' dir='ltr'>Et</span> <span class='ocrx_word' id='word_1_225' title='bbox 532 2014 603 2052; x_wconf 86' lang='lat' dir='ltr'>iterum</span> <span class='ocrx_word' id='word_1_226' title='bbox 615 2011 673 2052; x_wconf 90' lang='lat' dir='ltr'>dicit:</span> <span class='ocrx_word' id='word_1_227' title='bbox 693 2011 707 2035; x_wconf 88' lang='lat'>¹¹</span> <span class='ocrx_word' id='word_1_228' title='bbox 717 2012 767 2052; x_wconf 84' lang='lat' dir='ltr'>andi</span> <span class='ocrx_word' id='word_1_229' title='bbox 780 2024 829 2052; x_wconf 87' lang='lat' dir='ltr'>coe-</span> 
     </span>
     <span class='ocr_line' id='line_1_27' title="bbox 72 2079 830 2134; baseline -0.001 -13"><span class='ocrx_word' id='word_1_230' title='bbox 72 2081 249 2133; x_wconf 59' lang='lat' dir='ltr'>immanioribus</span> <span class='ocrx_word' id='word_1_231' title='bbox 260 2083 345 2134; x_wconf 82' lang='lat' dir='ltr'>percipe</span> <span class='ocrx_word' id='word_1_232' title='bbox 358 2088 422 2132; x_wconf 81' lang='lat' dir='ltr'>terro,</span> <span class='ocrx_word' id='word_1_233' title='bbox 435 2084 486 2134; x_wconf 72' lang='lat' dir='ltr'>quiin</span> <span class='ocrx_word' id='word_1_234' title='bbox 500 2081 515 2105; x_wconf 76' lang='lat'>¹¹²</span> <span class='ocrx_word' id='word_1_235' title='bbox 523 2082 581 2122; x_wconf 86' lang='lat' dir='ltr'>Dens</span> <span class='ocrx_word' id='word_1_236' title='bbox 593 2082 675 2122; x_wconf 81' lang='lat' dir='ltr'>iconius</span> <span class='ocrx_word' id='word_1_237' title='bbox 689 2087 725 2121; x_wconf 84' lang='lat' dir='ltr'>est.</span> <span class='ocrx_word' id='word_1_238' title='bbox 752 2079 830 2121; x_wconf 81' lang='lat' dir='ltr'>¹³Haec</span> 
     </span>
     <span class='ocr_line' id='line_1_28' title="bbox 71 2149 830 2205; baseline -0.005 -12"><span class='ocrx_word' id='word_1_239' title='bbox 71 2154 91 2193; x_wconf 96' lang='lat' dir='ltr'>in</span> <span class='ocrx_word' id='word_1_240' title='bbox 106 2152 246 2193; x_wconf 85' lang='lat' dir='ltr'>testimoninm.</span> <span class='ocrx_word' id='word_1_241' title='bbox 272 2152 389 2205; x_wconf 85' lang='lat' dir='ltr'>Rursusque</span> <span class='ocrx_word' id='word_1_242' title='bbox 400 2153 438 2192; x_wconf 88' lang='lat' dir='ltr'>ait:</span> <span class='ocrx_word' id='word_1_243' title='bbox 456 2149 474 2175; x_wconf 78' lang='lat'>¹¹</span> <span class='ocrx_word' id='word_1_244' title='bbox 485 2152 556 2192; x_wconf 73' lang='lat' dir='ltr'>recidite</span> <span class='ocrx_word' id='word_1_245' title='bbox 572 2150 656 2191; x_wconf 75' lang='lat' dir='ltr'>cerium</span> <span class='ocrx_word' id='word_1_246' title='bbox 669 2150 756 2191; x_wconf 86' lang='lat' dir='ltr'>Domini</span> <span class='ocrx_word' id='word_1_247' title='bbox 766 2150 830 2201; x_wconf 84' lang='lat' dir='ltr'>prin-</span> 
     </span>
     <span class='ocr_line' id='line_1_29' title="bbox 72 2219 831 2273; baseline -0.005 -11"><span class='ocrx_word' id='word_1_248' title='bbox 72 2223 129 2273; x_wconf 85' lang='lat' dir='ltr'>cipes</span> <span class='ocrx_word' id='word_1_249' title='bbox 143 2222 218 2273; x_wconf 86' lang='lat' dir='ltr'>popnii</span> <span class='ocrx_word' id='word_1_250' title='bbox 234 2222 302 2273; x_wconf 83' lang='lat' dir='ltr'>inrjus.</span> <span class='ocrx_word' id='word_1_251' title='bbox 327 2220 352 2260; x_wconf 86' lang='lat' dir='ltr'>Et</span> <span class='ocrx_word' id='word_1_252' title='bbox 368 2221 443 2261; x_wconf 83' lang='lat' dir='ltr'>adime:</span> <span class='ocrx_word' id='word_1_253' title='bbox 463 2219 479 2244; x_wconf 88' lang='lat'>¹⁵</span> <span class='ocrx_word' id='word_1_254' title='bbox 489 2220 559 2261; x_wconf 79' lang='lat' dir='ltr'>orrditc</span> <span class='ocrx_word' id='word_1_255' title='bbox 568 2220 608 2271; x_wconf 79' lang='lat' dir='ltr'>filii</span> <span class='ocrx_word' id='word_1_256' title='bbox 620 2232 692 2260; x_wconf 82' lang='lat' dir='ltr'>nocem</span> <span class='ocrx_word' id='word_1_257' title='bbox 707 2220 831 2258; x_wconf 79' lang='lat' dir='ltr'>clamantem</span> 
     </span>
     <span class='ocr_line' id='line_1_30' title="bbox 71 2286 830 2344; baseline -0.004 -14"><span class='ocrx_word' id='word_1_258' title='bbox 71 2292 94 2332; x_wconf 89' lang='lat' dir='ltr'>in</span> <span class='ocrx_word' id='word_1_259' title='bbox 110 2292 198 2331; x_wconf 70' lang='lat' dir='ltr'>decerno.</span> <span class='ocrx_word' id='word_1_260' title='bbox 229 2290 284 2344; x_wconf 84' lang='lat' dir='ltr'>Ergo</span> <span class='ocrx_word' id='word_1_261' title='bbox 301 2291 423 2331; x_wconf 83' lang='lat' dir='ltr'>circumcidit</span> <span class='ocrx_word' id='word_1_262' title='bbox 443 2302 502 2330; x_wconf 86' lang='lat' dir='ltr'>aures</span> <span class='ocrx_word' id='word_1_263' title='bbox 523 2294 615 2340; x_wconf 83' lang='lat' dir='ltr'>nostras,</span> <span class='ocrx_word' id='word_1_264' title='bbox 637 2293 658 2328; x_wconf 88' lang='lat' dir='ltr'>ut</span> <span class='ocrx_word' id='word_1_265' title='bbox 678 2286 745 2329; x_wconf 84' lang='lat' dir='ltr'>audito</span> <span class='ocrx_word' id='word_1_266' title='bbox 768 2288 830 2327; x_wconf 86' lang='lat' dir='ltr'>verbo</span> 
     </span>
    </p>
   </div>
   <div class='ocr_carea' id='block_1_4' title="bbox 71 2419 831 2759">
    <p class='ocr_par' dir='ltr' id='par_1_5' title="bbox 71 2419 831 2759">
     <span class='ocr_line' id='line_1_31' title="bbox 71 2419 621 2470; baseline -0.005 -9"><span class='ocrx_word' id='word_1_267' title='bbox 71 2428 142 2461; x_wconf 80' lang='lat' dir='ltr'>involvit</span> <span class='ocrx_word' id='word_1_268' title='bbox 161 2428 292 2461; x_wconf 80' lang='lat' dir='ltr'>admonitionem</span> <span class='ocrx_word' id='word_1_269' title='bbox 310 2428 330 2462; x_wconf 80' lang='lat' dir='ltr'>ad</span> <span class='ocrx_word' id='word_1_270' title='bbox 342 2419 441 2462; x_wconf 74' lang='lat' dir='ltr'>¹eircumci-</span> <span class='ocrx_word' id='word_1_271' title='bbox 485 2426 514 2467; x_wconf 77' lang='lat'>12)</span> <span class='ocrx_word' id='word_1_272' title='bbox 527 2425 553 2459; x_wconf 76' lang='grc' dir='ltr'>ΑΙ,</span> <span class='ocrx_word' id='word_1_273' title='bbox 567 2422 621 2470; x_wconf 69' lang='grc' dir='ltr'><em>κύριος.</em></span> 
     </span>
     <span class='ocr_line' id='line_1_32' title="bbox 71 2482 831 2524; baseline -0.005 -6"><span class='ocrx_word' id='word_1_274' title='bbox 71 2485 137 2518; x_wconf 87' lang='lat' dir='ltr'>sionem</span> <span class='ocrx_word' id='word_1_275' title='bbox 150 2488 227 2521; x_wconf 78' lang='lat' dir='ltr'>narium,</span> <span class='ocrx_word' id='word_1_276' title='bbox 485 2484 515 2524; x_wconf 81' lang='grc'><strong>13)</strong></span> <span class='ocrx_word' id='word_1_277' title='bbox 524 2483 550 2516; x_wconf 90' lang='lat' dir='ltr'>Sc.</span> <span class='ocrx_word' id='word_1_278' title='bbox 560 2483 705 2517; x_wconf 81' lang='lat' dir='ltr'>circumcisionis</span> <span class='ocrx_word' id='word_1_279' title='bbox 714 2482 786 2515; x_wconf 85' lang='lat' dir='ltr'>nurinm</span> <span class='ocrx_word' id='word_1_280' title='bbox 794 2482 831 2514; x_wconf 80' lang='lat' dir='ltr'>Deo</span> 
     </span>
     <span class='ocr_line' id='line_1_33' title="bbox 95 2542 547 2587; baseline -0.002 -11"><span class='ocrx_word' id='word_1_281' title='bbox 95 2543 114 2584; x_wconf 82' lang='lat'>8)</span> <span class='ocrx_word' id='word_1_282' title='bbox 127 2542 161 2576; x_wconf 84' lang='lat' dir='ltr'>Jer.</span> <span class='ocrx_word' id='word_1_283' title='bbox 176 2544 193 2577; x_wconf 82' lang='grc'>4.</span> <span class='ocrx_word' id='word_1_284' title='bbox 206 2543 222 2576; x_wconf 81' lang='grc'>4.</span> <span class='ocrx_word' id='word_1_285' title='bbox 461 2548 547 2587; x_wconf 78' lang='lat' dir='ltr'>acceptae.</span> 
     </span>
     <span class='ocr_line' id='line_1_34' title="bbox 95 2597 638 2644; baseline -0.007 -10"><span class='ocrx_word' id='word_1_286' title='bbox 95 2601 114 2644; x_wconf 80' lang='lat'>9]</span> <span class='ocrx_word' id='word_1_287' title='bbox 126 2600 161 2634; x_wconf 87' lang='lat' dir='ltr'>Jer.</span> <span class='ocrx_word' id='word_1_288' title='bbox 174 2601 195 2642; x_wconf 79' lang='lat'>7,</span> <span class='ocrx_word' id='word_1_289' title='bbox 208 2603 225 2636; x_wconf 82' lang='lat'>2.</span> <span class='ocrx_word' id='word_1_290' title='bbox 486 2600 515 2639; x_wconf 84' lang='grc'>11]</span> <span class='ocrx_word' id='word_1_291' title='bbox 529 2598 567 2632; x_wconf 68' lang='lat' dir='ltr'>isai,</span> <span class='ocrx_word' id='word_1_292' title='bbox 582 2599 597 2640; x_wconf 82' lang='grc'><strong>1,</strong></span> <span class='ocrx_word' id='word_1_293' title='bbox 612 2597 638 2630; x_wconf 85' lang='grc'><strong>10,</strong></span> 
     </span>
     <span class='ocr_line' id='line_1_35' title="bbox 97 2654 638 2700; baseline -0.006 -10"><span class='ocrx_word' id='word_1_294' title='bbox 97 2658 126 2700; x_wconf 87' lang='grc'><strong>10)</strong></span> <span class='ocrx_word' id='word_1_295' title='bbox 140 2657 166 2691; x_wconf 91' lang='lat' dir='ltr'>Ps.</span> <span class='ocrx_word' id='word_1_296' title='bbox 180 2658 213 2700; x_wconf 80' lang='lat'>33,</span> <span class='ocrx_word' id='word_1_297' title='bbox 228 2659 255 2693; x_wconf 82' lang='grc'><strong>13.</strong></span> <span class='ocrx_word' id='word_1_298' title='bbox 485 2658 514 2700; x_wconf 75' lang='lat'>15]</span> <span class='ocrx_word' id='word_1_299' title='bbox 528 2657 565 2690; x_wconf 86' lang='lat' dir='ltr'>isai.</span> <span class='ocrx_word' id='word_1_300' title='bbox 579 2656 609 2697; x_wconf 75' lang='lat'>40,</span> <span class='ocrx_word' id='word_1_301' title='bbox 622 2654 638 2687; x_wconf 83' lang='lat'>3.</span> 
     </span>
     <span class='ocr_line' id='line_1_36' title="bbox 97 2714 236 2759; baseline 0.007 -11"><span class='ocrx_word' id='word_1_302' title='bbox 97 2715 126 2758; x_wconf 73' lang='lat'>11)</span> <span class='ocrx_word' id='word_1_303' title='bbox 139 2714 176 2749; x_wconf 85' lang='lat' dir='ltr'>lsai.</span> <span class='ocrx_word' id='word_1_304' title='bbox 191 2715 206 2759; x_wconf 80' lang='lat' dir='ltr'>i,</span> <span class='ocrx_word' id='word_1_305' title='bbox 220 2716 236 2749; x_wconf 87' lang='lat'>2.</span> 
     </span>
    </p>
   </div>
   <div class='ocr_carea' id='block_1_5' title="bbox 0 0 888 2987">
    <p class='ocr_par' dir='ltr' id='par_1_6' title="bbox 0 0 888 2987">
     <span class='ocr_line' id='line_1_37' title="bbox 0 0 888 2987; baseline 0 0"><span class='ocrx_word' id='word_1_306' title='bbox 0 0 888 2987; x_wconf 95' lang='lat' dir='ltr'> </span> 
     </span>
    </p>
   </div>
  </div>
 </body>
</html>
