1765 2987
270 175 391 212 unannssnn
404 175 515 212 EPISTULA.
535 176 562 211 VI.
577 176 612 210 Vll.
794 175 820 217 15

62 287 111 329 Tum
128 285 223 328 Dominus
238 284 311 327 videns
326 284 433 337 hominem,
449 285 552 339 pulolnum
568 285 684 341 figmentum
701 295 766 335 suurn,
783 282 820 323 ait:

65 357 166 398 'crescite
182 362 202 398 et
217 356 393 407 multiplicamini,
410 360 430 396 et
441 357 518 409 replete
530 361 612 397 terram.
637 355 691 397 Haeo
702 354 726 395 nd
737 353 798 395 filium
806 350 820 393 ².

61 428 135 470 lterum
151 415 266 470 autentim
283 424 399 478 ostendmn,
421 424 521 479 quomodo
542 425 608 479 rpuoad
625 437 663 466 nos
679 425 751 466 ultimis
768 428 820 464 tem-

59 500 143 552 poribus
163 497 270 539 secundam
292 497 413 538 creationem
435 497 543 551 peregerit.
574 496 627 537 Dicit
643 496 694 537 eninr
710 495 818 537 Dominus:

60 566 127 609 ³ecce
148 568 228 620 faciam
250 567 366 609 novissima
387 572 490 620 tamqnam
509 567 591 619 priora.
622 565 688 606 4Ηοο
708 565 819 619 respiciens

59 638 182 693 praedicavit
197 637 307 691 propheta:
323 637 400 678 inante
416 637 439 677 in
455 641 532 678 terram
549 636 601 676 lacte
618 640 637 675 ct
647 635 706 676 riielle
716 634 818 686 fleternam,

59 714 79 749 et
100 709 239 749 dominamini
260 708 285 749 ei.
321 709 374 749 Ecce
396 693 468 762 igitur,
490 717 529 747 nos
552 705 618 746 denuo
641 705 718 747 formati
740 716 819 755 sumus;

59 778 226 832 quemadmodum
242 790 313 819 rursus
329 778 349 818 in
365 777 404 818 alio
420 775 518 829 propheta
535 775 594 816 dicit:
611 773 681 828 ⁵ecce,
697 776 760 830 inquit
776 775 820 816 Do-

57 849 134 900 minus,
155 848 252 900 ouseram
268 848 293 888 rib
310 849 353 898 eis,
374 847 413 888 troc
429 851 460 887 est
475 847 498 886 ab
516 847 557 898 eis,
578 859 630 899 quos
645 847 726 901 spiritus
741 846 820 888 Domini

58 919 206 973 praevidebat,
223 919 291 959 cordo
309 919 409 970 lapidea,
432 922 452 957 et
466 917 573 958 immittam
588 918 632 958 illis
648 918 715 959 corda
730 929 819 966 caraea;

58 990 104 1042 quia
120 990 140 1030 in
157 1001 218 1029 carne
234 989 297 1030 voluit
312 984 470 1042 appa1·ere,⁶et
486 987 576 1029 habitare
591 988 611 1028 in
628 988 691 1029 nohis.
717 987 819 1041 Templum

57 1059 110 1100 enim
126 1064 229 1111 sanctum,
246 1059 318 1099 l'ratres
334 1059 384 1109 mei,
406 1057 492 1098 Domino
509 1062 540 1098 est
555 1058 649 1098 habitatio
665 1058 733 1099 cordis
749 1058 817 1099 nostri.

56 1129 134 1170 Etenim
147 1130 218 1169 iteruin
234 1129 259 1169 ait
276 1125 398 1169 ⁷Dominus:
415 1123 515 1168 8petrinam
525 1128 633 1180 apparebo
645 1142 717 1170 coram
726 1129 817 1169 Dommo

55 1200 102 1240 Deo
118 1213 176 1250 iiico,
198 1205 218 1239 ct
233 1198 386 1252 ploripioabor?
416 1197 461 1238 Ait:
482 1194 614 1249 ⁹confitebor·
630 1199 668 1239 tili
683 1199 706 1239 in
722 1198 817 1248 ecclesie,

56 1269 78 1309 ia
98 1270 167 1309 inedia
188 1258 280 1320 fratrem
302 1280 405 1319 lineorum,
430 1274 451 1309 et
471 1268 560 1309 capitolio
582 1270 605 1308 in
626 1270 693 1309 medio
718 1268 818 1326 ecclesiae

55 1345 182 1380 sanctornm.
209 1338 278 1391 ltaque
293 1349 331 1378 nos
346 1347 423 1389 snmus,
440 1349 491 1390 quos
502 1337 612 1379 introduxit
624 1340 643 1379 in
656 1343 728 1379 terram
739 1339 817 1379 honam.

55 1408 95 1451 Sed
112 1393 174 1461 quare
190 1408 222 1449 lae
243 1412 263 1448 et
284 1407 340 1448 mel?
371 1408 470 1456 Quoniam
491 1408 556 1449 inians
576 1409 661 1462 primum
681 1408 750 1461 melle,
772 1413 819 1450 tune

57 1479 109 1520 lacte
126 1479 215 1530 videdit,
233 1474 284 1518 ¹⁰ita
301 1482 321 1518 et
336 1490 384 1530 nos,
400 1479 451 1530 fide,
462 1491 525 1536 ¹qrnim
541 1479 636 1520 habemus
653 1479 758 1533 promissis
774 1479 818 1529 Dei,

58 1554 78 1590 et
93 1549 157 1590 verbo
176 1548 332 1604 praedicationis
351 1549 455 1601 vivificati,
478 1550 567 1592 vivemus
589 1556 662 1591 terram
684 1550 818 1603 possidentes.

57 1619 154 1673 Superius
170 1632 219 1661 vero
236 1619 346 1672 praedixit:
364 1625 460 1661 crescant
476 1627 495 1660 et
509 1621 607 1672 praesint
615 1621 719 1673 piscibus.
746 1619 761 1644 ¹¹
771 1621 818 1670 Quis

57 1692 123 1743 potest
139 1701 192 1729 nune
207 1700 304 1742 praeesse
320 1690 395 1741 bestiis,
413 1690 444 1730 vel
460 1691 555 1743 piscibus,
571 1690 604 1731 vel
620 1692 671 1731 coeli
686 1691 817 1732 volucribus?

57 1759 114 1801 Scire
130 1759 182 1799 enirn
199 1758 305 1811 debemus,
325 1772 426 1811 praeesse
447 1765 567 1812 potestatem
589 1760 708 1814 designare,
731 1765 753 1801 ut
773 1762 817 1814 quis

56 1830 140 1883 imperet
154 1842 177 1869 ac
193 1828 311 1870 dominetur.
328 1827 343 1852 ¹²
372 1829 415 1870 Etsi
431 1829 451 1870 id
466 1842 520 1871 nunc
535 1842 576 1871 non
592 1831 694 1884 contingat
700 1845 706 1881 3
728 1832 817 1884 promisit

56 1900 76 1941 id
93 1912 142 1941 sane
158 1900 223 1941 nobis.
249 1898 333 1948 Quando
347 1899 397 1941 liet?
423 1900 487 1949 Duum
499 1904 519 1941 et
529 1901 567 1953 ipsi
578 1900 629 1942 adeo
641 1900 726 1955 perfecti
736 1901 816 1954 erimus,

56 1975 78 2011 ut
93 1969 181 2011 heredes
197 1971 258 2011 simus
274 1970 387 2011 testamenti
403 1971 488 2011 Domini.

200 2098 239 2139 Vll.
270 2099 377 2151 Jejanium
393 2104 413 2139 et
428 2112 491 2152 caper
507 2106 567 2154 tppas
585 2100 671 2141 Cinna.

61 2178 71 2226 s
115 2179 221 2234 intelligite
243 2193 304 2234 ergo,
325 2180 360 2221 filii
379 2179 492 2222 dilectionis
512 2194 536 2222 ac
555 2182 654 2233 laetitiae,
677 2180 730 2234 quod
751 2182 817 2223 honus

55 2250 152 2292 Dominus
168 2250 233 2291 omnia
249 2249 308 2290 nobis
323 2241 497 2304 praemonstravit,
514 2256 535 2292 nt
551 2262 732 2306 cognosceremus,
748 2252 780 2292 cui
796 2251 816 2292 in

56 2348 85 2376 eut
97 2353 131 2376 non
140 2341 165 2380 ad
173 2345 237 2384 Deum,
250 2340 281 2379 sed
291 2340 311 2373 ad
321 2343 427 2386 Prophetiam
470 2343 488 2383 9}
501 2341 528 2376 Ps.
541 2343 570 2385 21,
584 2343 612 2377 23.

57 2400 128 2444 [David]
148 2399 220 2434 referas.
241 2419 262 2425 -
282 2399 335 2433 uoles
356 2398 426 2441 deinde,
471 2401 500 2445 10)
513 2403 551 2436 Lac
563 2406 581 2434 et
596 2405 631 2436 mel
643 2416 667 2432 =
680 2403 734 2439 πίστις
745 2402 772 2433 καὶ
784 2397 815 2441 κη’-

55 2457 103 2492 hisce
116 2458 174 2492 verbis
187 2460 256 2493 tertiam
269 2456 302 2490 loci
315 2457 360 2490 illins
368 2456 428 2490 biblici
445 2471 506 2502 poppa,
521 2459 582 2504 quibus
595 2459 669 2492 ecclesia
682 2469 713 2492 nos
725 2460 782 2492 nutrit.

56 2515 187 2559 explicationem
205 2516 316 2561 allegoricam
333 2525 364 2549 seu
381 2525 426 2559 gno·
468 2516 498 2560 11]
512 2516 542 2549 lis.
556 2518 580 2556 τί,
593 2517 642 2550 male.
700 2508 702 2511 Ι

55 2574 115 2606 sticam
127 2573 216 2617 incipere,
234 2584 279 2618 quae
296 2580 361 2608 terram
378 2575 427 2607 illam
469 2573 500 2618 12)
513 2572 586 2607 Sensus:
604 2576 623 2609 in
640 2576 730 2619 praesenti
747 2576 815 2619 paidom

55 2631 77 2663 de
95 2632 171 2665 aeclesia
189 2634 288 2666 christiana
299 2632 426 2674 interpretatur.
445 2633 540 2675 imperium
552 2633 628 2667 illailla
640 2634 723 2667 velitares
734 2636 767 2665 etc.
780 2644 815 2667 iton

56 2687 90 2722 etr.
103 2699 119 2731 p.
130 2686 156 2720 12.
171 2688 209 2722 Not.
220 2688 241 2721 12
254 2694 296 2733 etp.
307 2687 335 2722 13.
350 2687 389 2723 Nat
399 2688 425 2722 15.
445 2695 533 2730 tenentos,
550 2691 582 2724 sed
596 2690 707 2735 promissum
723 2691 769 2724 liaric
782 2691 815 2724 do-

79 2745 97 2788 8)
110 2745 137 2780 rs.
151 2744 179 2787 41,
193 2744 209 2777 3.
444 2747 814 2792 minationemaliqaaodorecaeperaiimae.
