1789 2987
23 140 78 175 XVlss
318 133 489 171 PROLEGOhlEllA.
650 134 781 181 [Epistulae

23 248 129 288 nescimus.
160 244 219 286 Liber
241 241 371 296 pontifiealis‚
393 240 483 297 Catalogi
501 243 636 284 Romanorum
657 243 780 295 pontificum

24 317 42 358 S.
54 316 164 356 Eucherius
175 312 316 365 Lugdunensis
332 315 352 351 et
368 310 491 352 breviarum
506 312 616 353 Romanum
636 325 661 352 ex
676 310 781 364 Recogni-

23 386 109 425 lionibus
126 389 145 425 et
156 382 244 424 Homiliis
256 380 461 434 pseudoclemeutinis
473 382 583 424 fabulosam
594 383 645 423 illam
659 384 781 434 receperunt

23 456 168 504 narrationem,
185 466 237 505 quae
254 451 349 492 Clementi
365 464 429 505 genus
445 451 521 492 Romae
537 453 669 504 senatorium,
690 456 781 505 patrem-

22 536 61 575 que
77 523 192 563 Faustinum
208 523 312 575 exstirpe
329 520 437 562 Caesarum
457 522 551 564 vindieat.
583 523 637 564 Talia
659 521 780 563 refutatione

21 606 62 634 uun
78 593 174 648 indigent.

81 663 219 704 Tillenrontius
236 661 360 718 (llle'moires
371 662 392 703 ll.
404 676 422 716 p.
436 661 490 717 rab]
508 675 533 703 ex
544 663 606 716 prima
617 663 723 704 Clementis
735 661 781 716 epi-

22 734 79 786 stola,
101 746 143 787 cap.
159 731 179 774 4.
201 729 284 789 [πατὴρ
304 727 361 789 ἡμῶν
381 726 466 787 Ἰακώβ)
491 733 583 788 collegit,
606 734 671 774 virum
691 737 781 774 nostrum

22 803 154 855 apostolieum
167 816 193 843 ex
204 805 266 856 stirpe
278 803 371 843 Judua'ou
382 816 427 844 esse
439 804 519 843 editum.
545 803 584 856 lpsi
597 804 681 856 primum
697 802 781 843 accessit

23 872 152 914 Constantius
168 874 189 914 in
205 874 336 914 celeberrima
351 885 388 913 sua
403 872 490 914 editione
501 872 636 925 Epistularum
646 872 781 913 Romanorum

21 941 139 995 pontificum
155 943 176 984 T.
188 943 201 984 l.
213 957 232 997 p.
246 942 269 984 ll
277 957 283 993 ς
299 946 370 996 postea
386 955 435 983 vero
452 942 477 997 [l.
489 956 505 983 ο.
519 955 538 995 p.
550 941 591 997 ll)
608 943 638 983 vir
654 943 781 983 doctissimus

22 1023 79 1051 suam
95 1013 177 1052 mutarit
192 1013 317 1053 senteutiam.
349 1012 468 1052 Tillemoutii
489 1013 608 1053 seutentiam
630 1012 781 1064 amplexusest

20 1080 86 1120 Herm.
104 1081 203 1132 Veneria,
225 1087 246 1121 ut
267 1081 340 1120 exinde
360 1087 499 1134 argumentum
522 1081 632 1136 deduceret
648 1085 717 1121 eontra
734 1081 780 1133 epi-

20 1150 91 1190 stolam
106 1150 251 1203 posteriorem,
275 1151 332 1204 quus
353 1151 439 1204 scriptor
459 1150 537 1205 origiue
554 1149 652 1190 Gentilem
673 1153 742 1203 aperte
757 1160 781 1191 se

21 1220 93 1271 prodit.

80 1288 218 1329 Tillemontius
235 1288 310 1330 addere
325 1293 409 1344 poterat,
427 1289 548 1331 Clementem
563 1300 604 1330 uon
620 1288 685 1330 solum
699 1299 741 1342 cap.
753 1285 780 1338 4.,

20 1357 58 1398 sed
75 1363 94 1398 et
110 1371 126 1398 e.
143 1357 170 1399 31
187 1351 212 1413 [ὁ
224 1356 298 1416 ,πατήρ
314 1352 372 1415 ἡμῶν
386 1355 494 1415 Ἀβραάμ)
509 1359 642 1412 patriarcham
658 1358 780 1399 ludaeorum

18 1432 102 1478 putrem
117 1433 213 1468 nostrum
228 1430 336 1483 appellare.

79 1497 187 1538 Praeterea
199 1497 291 1539 Clemens
308 1511 324 1539 ο.
336 1496 370 1540 55.
387 1497 411 1539 de
427 1510 495 1539 amore
512 1510 560 1552 erga
571 1498 654 1552 patriam
669 1496 780 1551 disputans,

21 1567 118 1619 exemplis
134 1569 225 1620 peruiam
240 1569 334 1623 prolatis,
355 1568 379 1608 ad
400 1569 491 1621 exempla
511 1580 580 1608 eorum
596 1567 699 1620 procedit,
721 1580 778 1621 quos,

20 1641 42 1676 ut
54 1636 106 1688 dicu,
123 1638 178 1678 iuter
190 1650 229 1678 atos
241 1640 378 1692 cognorimus.
408 1638 483 1686 Quibus
496 1650 556 1690 quum
563 1638 666 1690 judaicos
678 1638 779 1690 nuberes,

20 1705 88 1748 Judith
113 1711 133 1747 et
153 1707 236 1761 Esther,
261 1706 377 1750 adscribere
398 1708 500 1761 videatur,
523 1709 567 1762 ipse
588 1707 608 1749 in
629 1713 685 1750 ortus
705 1708 779 1763 Judaioi

20 1778 155 1831 suspicionem
172 1778 261 1819 incurrit.

79 1847 119 1889 Sed
135 1861 176 1890 uon
192 1849 251 1890 valde
267 1850 337 1905 gravia
353 1849 403 1890 haee
418 1854 465 1890 sunt
485 1853 607 1903 argmnenla.
639 1849 711 1890 Notum
727 1849 779 1890 enim

20 1923 61 1970 est,
85 1919 170 1960 elalius
187 1924 264 1972 patrm,
286 1932 337 1973 quos
354 1920 475 1974 egentibus
492 1924 547 1961 ortos
564 1931 610 1960 esse
632 1931 691 1960 nemo
708 1920 779 1971 nescit,

17 1989 82 2042 justas
99 1990 174 2030 veleris
191 1989 314 2030 Testamenti
329 2000 427 2044 personas
449 1990 503 2031 suis
524 1989 640 2030 adscribere
663 1990 778 2044 nmJ'oribus.

19 2058 42 2099 E.
59 2071 78 2113 g.
95 2059 217 2113 Theophilus
239 2060 270 2100 lib.
287 2060 317 2100 lll.
334 2060 358 2100 ad
374 2060 440 2101 Aulol.
462 2073 479 2101 n.
499 2058 533 2102 24.
555 2060 634 2101 scribit:
658 2054 780 2116 Ἀβροοὶμὸ

20 2121 154 2186 πατριάρχης
168 2121 235 2185 ἡμῶν,
257 2143 275 2170 u.
290 2130 328 2172 27:
344 2124 442 2188 Ἀβραάμ
457 2128 496 2171 τοῦ
511 2121 654 2187 προπάτορος
671 2121 738 2186 ἡμῶν,
760 2135 779 2172 et

20 2211 38 2240 u.
56 2198 94 2241 bl:
113 2195 185 2251 Aap'td
200 2196 213 2241 ὀ
227 2192 334 2256 πρόγονος
350 2197 411 2256 ἡμῶν.
442 2201 501 2241 Plura
521 2201 559 2240 alia
580 2201 671 2254 exempla
689 2201 778 2243 videsis

20 2268 73 2323 apud
89 2268 190 2320 Semiseb,
207 2270 283 2311 Josrtr.
300 2272 338 2312 der
354 2270 415 2312 illuri.
432 2271 454 2312 Τ.
468 2270 482 2311 l.
498 2282 517 2323 p.
532 2268 579 2311 1¹21.

81 2339 139 2387 Quod
156 2343 221 2380 autem
238 2346 346 2381 memorata
363 2341 431 2395 eapitis
448 2338 475 2382 55
493 2340 584 2393 exempla
600 2340 674 2391 attinet,
690 2352 778 2382 mouen-

20 2409 65 2450 dum
82 2415 199 2463 praeterea,
216 2410 337 2451 Clementem
354 2410 441 2452 fortasse
458 2411 541 2464 primum
558 2410 690 2462 egentibus,
710 2415 750 2451 tum
767 2423 778 2451 e

20 2478 143 2532 Christianis,
159 2480 247 2534 denique
263 2480 368 2522 eludaeis
385 2481 476 2534 exempla
487 2480 560 2521 amoris
571 2480 647 2533 patriae
661 2480 778 2533 protulisse.

79 2549 208 2603 Clementem,
217 2552 362 2606 Apostolorum
373 2551 497 2604 discipulum,
509 2562 520 2589 a
530 2549 631 2590 Clemente
639 2550 777 2591 Alexandrino

19 2618 118 2671 Apostoli
129 2623 210 2663 nomine
221 2623 337 2676 insignitum
350 2619 375 2676 ¹),
386 2622 493 2663 Rornauoe
505 2621 606 2661 eeclesiae
615 2620 683 2672 fuisse
692 2621 776 2672 episeo-

44 2701 62 2744 1)
76 2700 137 2735 Strom.
151 2701 178 2744 lv,
193 2713 206 2736 o.
222 2703 248 2737 17.
263 2714 279 2747 p.
293 2701 327 2735 609
341 2701 368 2736 ed.
380 2701 425 2736 Pott.
