1789 2987
98 185 165 221 LXXVI
390 177 563 213 PnotEGousnn.
742 174 857 222 [EPISTULA

98 294 123 334 de
139 292 244 341 doctrino,
258 292 324 341 prout
334 287 360 328 cli
373 287 408 337 lis,
425 286 462 338 qui
475 285 564 327 Verbum
574 286 630 326 citae
642 284 683 336 ipsi
694 291 856 338 consperserunt,

61 368 62 371 ’
97 363 228 415 Polpcornns
250 362 373 411 occeperat,
401 357 472 396 eodem
495 369 585 408 prorsus
607 356 669 396 modo
692 355 810 408 referebat,
834 357 857 396 in

97 430 192 471 omnihus
209 442 254 469 com
265 428 378 480 Scriptura
392 438 458 466 socro
475 428 614 468 eorisentiens.
641 426 741 467 Hactenus
754 424 857 481 irenaeus,

97 500 131 553 qui
152 505 172 540 et
195 500 241 539 alibi
261 498 372 539 summatim
392 496 412 536 in
435 495 519 536 eandem
542 497 660 537 sententiam
683 495 733 536 haec
753 491 856 556 traditl¹]:

96 570 139 609 Sed
154 576 174 610 et
189 569 319 623 Polyoorpus
335 599 372 609 ...
395 578 454 619 quoin
475 578 515 606 nos
534 579 615 619 quoque
630 567 699 606 odlrno
713 564 857 605 adolescentes

96 639 186 681 vidimus
205 640 272 688 (uicit
286 639 340 679 euim
355 637 479 687 diutissime,
496 641 517 676 et
531 637 553 676 in
566 638 639 677 ultione
652 641 762 685 senectute,
778 646 858 675 surnmo

98 721 143 748 cnm
158 710 228 761 plocio
244 709 327 749 illustre
340 719 455 759 perpessus
471 706 601 758 iuer-ruriam,
618 707 710 747 excessit
725 718 735 745 e
751 706 813 755 olto),
832 716 858 744 eo

98 791 178 829 semper
194 779 273 830 docuit,
290 791 344 830 quoe
360 777 385 817 ob
397 775 507 828 Apostolis
518 776 630 827 didicerat,
647 783 667 817 et
680 789 735 829 quoe,
747 778 858 816 eticrrnnnm

99 849 166 888 tradit
182 848 286 898 Ecclesia,
304 854 323 888 et
338 860 392 900 qiroe
407 847 455 886 solo
472 852 523 886 snrtt
537 848 612 886 cer·o.“

159 918 206 969 „His
229 922 293 958 autem
314 916 422 965 enarratis,
444 917 553 968 paucisque
571 916 690 969 interjectis,
712 915 760 956 illud
776 928 858 968 quoque

98 987 162 1028 relert
186 987 204 1028 S.
227 987 297 1037 Pater,
322 990 432 1026 memoratu
456 986 543 1037 dignum,
574 984 623 1035 lpse
645 986 699 1024 enim
719 985 856 1037 Polycarpum

98 1057 171 1108 inquit,
194 1068 255 1108 quain
276 1056 295 1094 ei
318 1055 434 1105 aliqnando
450 1053 697 1093 llorcion'ocemrisset
717 1054 856 1107 dimissetpne,

97 1120 223 1177 e'miyt'moone
237 1116 304 1175 ipati·
325 1123 446 1174 respondit,
466 1116 596 1176 ἐπιγινώσκει)
613 1116 649 1162 eor
664 1117 803 1178 πρωτότοκον
818 1125 858 1164 τοῦ

97 1194 196 1234 σοιτοοιῖ.α

155 1263 210 1303 Haec
223 1262 299 1303 Romae
313 1262 392 1302 fiebant.
423 1260 525 1302 Antonino
543 1262 595 1302 enim
610 1262 720 1315 imperante
736 1267 755 1304 et
771 1263 856 1306 Aniceto

98 1333 203 1373 eeclesiam
225 1332 351 1384 gubernante
372 1331 391 1373 S.
409 1331 532 1384 Polycarpus
547 1331 629 1372 Romam
651 1336 682 1373 est
700 1332 814 1386 proiectus,
836 1339 857 1375 ut

98 1403 190 1442 diversas
214 1401 239 1441 de
261 1401 381 1442 celebrando
404 1401 498 1454 paschate
522 1402 627 1454 opiniones
649 1408 785 1459 componeret.
816 1404 855 1445 Sed

97 1476 170 1510 nemer
190 1471 257 1521 alteri,
279 1475 301 1510 ut
322 1483 332 1510 a
354 1483 410 1511 more
432 1482 469 1511 suo
492 1470 617 1522 diseederet,
640 1472 764 1524 persuadere
786 1475 855 1526 potuit.

97 1539 119 1579 ln
139 1552 189 1592 pace
208 1540 279 1592 igitur,
300 1541 379 1581 vinculo
401 1540 501 1580 charitatis
521 1540 600 1579 minime
620 1545 689 1593 rupto,
706 1542 855 1596 Polycarpusa

97 1609 116 1649 S.
131 1608 216 1648 Aniceto
234 1609 332 1659 discessit,
349 1614 453 1662 postquam
469 1622 509 1650 non
526 1622 608 1662 paucoS,
625 1610 710 1652 desertis
721 1612 819 1653 Valentini
835 1618 855 1655 et

97 1676 204 1717 tta-uum
221 1679 331 1728 erroribus,
348 1680 372 1719 ad
389 1678 493 1718 eeclesiam
510 1679 625 1719 reduxerat.

153 1746 238 1785 Mosteni
249 1746 267 1786 S.
280 1747 384 1800 Potyoarpi
400 1752 443 1788 acta
459 1750 548 1801 martyrii
564 1750 607 1802 ejus
622 1750 680 1790 nobis
692 1749 777 1792 tradunt.
810 1752 854 1800 Ouo

95 1817 160 1854 eutem
177 1827 229 1855 atino
245 1817 326 1868 praesul
337 1817 428 1869 optimus
445 1818 512 1858 evita
529 1818 656 1871 discesserit,
677 1820 730 1860 inter
749 1820 819 1861 doctos
835 1825 855 1862 et

94 1894 161 1922 rerum
179 1883 368 1938 chronologicarum
384 1888 491 1939 magistros
507 1888 623 1941 disputatur.
654 1889 785 1942 Polycarpum
801 1903 853 1932 anno

97 1950 138 1992 147
154 1964 234 2004 passum
251 1966 298 1993 esse
313 1955 355 1994 ruit
369 1955 510 2008 Peorsonius,
530 1970 588 2010 quem
604 1962 714 2010 sequuntur
731 1958 854 2012 Dodtrellus,

97 2020 187 2070 Caseus,
208 2020 322 2062 Lardnerus
343 2028 363 2063 et
379 2024 533 2079 Gattanotust).
563 2026 677 2067 Secundum
693 2027 815 2069 Baraterium
835 2035 854 2070 et

97 2089 216 2130 Stiereniurn
226 2087 247 2143 ³)
263 2090 368 2145 Polyearpi
383 2095 499 2148 martyrium
514 2095 587 2135 referri
603 2095 662 2136 debet
674 2095 697 2135 ad
712 2109 784 2137 annum
801 2097 853 2150 161;

93 2158 151 2209 juxta
162 2157 263 2198 Norisium
275 2163 294 2198 et
306 2162 450 2203 tillemontium
465 2164 489 2204 ad
501 2177 573 2204 annum
587 2162 627 2206 166
634 2180 640 2215 ;
653 2166 710 2218 juxta
722 2166 853 2221 scaligerum,

96 2227 208 2278 Valesiani,
230 2227 354 2270 Gieselermn
376 2236 395 2271 et
410 2233 525 2273 Neandrum
547 2234 571 2274 ad
591 2246 664 2275 annum
683 2234 736 2285 167‚·
756 2236 853 2280 Batonius

119 2316 139 2361 1)
153 2316 197 2350 Adv.
210 2316 257 2350 liner.
270 2317 322 2360 titt
342 2320 385 2363 apud
399 2323 466 2357 Esset.
485 2325 565 2367 martyrio
583 2335 621 2358 esse
638 2332 747 2370 coronatum,
765 2330 803 2374 quia
815 2329 852 2364 Eu-

94 2376 136 2410 Hist.
150 2375 192 2409 eccl.
206 2375 233 2416 tv,
249 2374 275 2409 14.
485 2383 542 2415 sebius
552 2382 602 2426 (Hist.
612 2383 653 2417 eccl.
663 2383 691 2427 IV,
701 2385 730 2427 15]
739 2389 853 2423 narrationem

117 2434 137 2475 2)
151 2433 231 2467 Biblioth.
245 2439 323 2467 ueterum
336 2434 408 2469 Petrum.
422 2436 439 2471 Τ.
453 2437 466 2470 Ι.
485 2438 506 2472 de
523 2446 573 2483 martJ
573 2442 602 2473 rio
615 2440 705 2486 Polycarpi
720 2454 757 2478 eum
772 2447 806 2480 line
821 2458 852 2481 ca-

93 2490 161 2537 Proteg
175 2504 212 2537 p
205 2489 236 2525 XC
248 2503 274 2536 sq,
485 2497 523 2540 pitis
537 2497 558 2529 14
572 2500 665 2532 arctissime
678 2500 775 2547 conjungit,
788 2505 818 2538 ubi
831 2506 853 2539 de

118 2550 136 2591 3)
151 2553 253 2586 stim-euius
266 2550 319 2594 [ther
332 2551 361 2584 das
372 2551 467 2594 Todesjahr
485 2561 539 2589 morte
552 2556 634 2589 Antonini
645 2557 670 2590 Pii
687 2564 703 2592 et
720 2560 741 2593 de
757 2562 804 2596 initio
817 2564 851 2597 im-

94 2606 187 2641 lustinffisd
196 2608 244 2641 Mart
232 2614 269 2641 m
278 2610 349 2653 lllpenit
357 2609 466 2650 „Zenschrit
485 2614 528 2655 perii
538 2614 589 2646 larer
597 2614 661 2647 Aurelii
669 2616 722 2649 verba
730 2618 801 2652 lecerat
817 2619 851 2653 cfr.

95 2663 121 2697 tur
137 2666 164 2698 die
181 2666 219 2700 hist.
233 2666 292 2699 Theoi
296 2668 304 2685 “
323 2666 373 2702 1842.
390 2667 439 2703 Fase.
452 2669 464 2703 1
484 2669 549 2703 Tritino
538 2682 569 2715 ger
585 2671 637 2706 theol.
656 2671 783 2715 Quartalschrilt
800 2677 851 2730 1843,

95 2732 111 2773 p.
122 2722 151 2763 34)
164 2723 239 2768 conjicit,
251 2723 419 2769 PolJcarpummmo
432 2727 463 2762 161
483 2738 500 2778 p.
513 2728 552 2763 144.
