1765 2987
261 168 367 205 Eulstoun
380 170 409 205 ΑΙ)
423 170 557 206 DlOGNETUhl.
570 171 590 205 ll.
763 171 806 213 299

46 275 113 333 horno,
130 293 174 321 curn
190 284 210 320 et
226 278 330 320 doctrinae
346 291 418 331 novae,
434 279 543 333 sicutipse
560 278 667 322 confessus
682 289 711 331 es,
728 277 807 320 auditor

47 351 98 400 eris3
118 362 159 391 non
175 351 239 391 solum
256 349 331 401 oculis,
353 349 388 390 sed
406 355 425 390 et
440 354 506 390 mente
525 349 666 404 lconspicias,
690 352 747 405 cujus
767 350 806 390 sint

46 421 169 462 substantiae
185 425 219 460 aut
235 421 292 474 cujrrs
309 418 385 460 formae
400 419 438 471 illi,
459 432 510 472 quos
527 422 605 461 vocalis
627 425 646 461 ct
661 421 733 475 p'ulalis
750 420 805 461 deos.

45 491 117 533 Nonne
133 490 166 530 hic
181 490 231 543 lapis
248 494 290 541 est,
307 491 336 542 ei,
353 491 386 543 qui
403 490 501 541 calcatur,
517 491 586 531 similis
592 505 598 541 3
615 491 665 532 alius
681 496 747 531 autem
763 501 804 541 aas,

45 561 106 602 nihilo
123 560 200 612 mellus,
217 572 275 616 quam
292 560 377 613 quaein
394 573 452 601 usum
467 566 558 601 nostrum
572 561 667 602 fabricata
683 566 729 602 sunt
744 574 804 611 vasa3

46 631 95 672 alius
111 630 198 684 liguum,
219 635 239 670 et
256 630 335 683 quidem
349 632 390 684 jam
405 630 504 684 putridum
511 645 516 680 ;
538 631 587 671 alius
608 636 674 672 autern
693 635 805 685 argenium,

46 701 78 743 cui
94 712 144 754 opus
161 706 191 742 est
207 700 297 753 custode,
313 714 339 742 ue
355 701 409 741 furto
425 700 538 752 auferatur3
554 701 604 742 alius
615 701 697 753 ferrum,
713 702 806 755 rubigine

45 769 172 824 corrupturi13
195 771 245 812 alius
267 775 328 824 testa,
350 771 412 811 nihilo
434 771 569 823 praestantior
591 784 624 822 ea,
649 783 700 824 quae
723 770 747 811 ad
768 772 806 811 ah-

42 841 174 897 J'eclissimum
185 842 315 883 ministerium
327 841 378 882 facta
391 840 438 882 est?
468 840 541 882 Nonne
553 853 579 882 eu
590 843 671 882 materia
683 841 807 895 corruptioni

45 912 132 953 obnoxia
148 916 194 951 sunt
209 912 260 951 hacc
276 912 359 952 omnia?
389 912 461 953 Nonne
474 911 523 952 ferri
537 917 557 952 et
570 913 623 965 iguis
639 924 678 965 ope
693 911 806 952 fabricata?

43 981 116 1022 Nonne
131 981 178 1022 illud
194 982 284 1036 sculptor
299 980 397 1035 lapidum,
417 982 456 1023 hoc
472 981 529 1023 faher
548 982 650 1034 aerarius,
673 981 712 1022 hoc
728 994 805 1036 argen-

45 1052 106 1093 tarius
131 1051 199 1105 laher,
223 1053 262 1093 hoc
278 1053 359 1111 *figulus
381 1053 455 1093 finxit?
485 1053 568 1105 Nonne,
594 1054 709 1107 priusquam
733 1052 805 1094 horum

43 1121 139 1163 artificum
150 1123 226 1163 artibus
237 1123 257 1162 iu
268 1121 343 1163 formas
359 1123 437 1164 illorum
447 1123 535 1165 Deorum
547 1123 699 1178 effingerentur,
711 1122 804 1177 ²singula

43 1207 54 1235 a
76 1194 160 1248 singulis
181 1193 298 1246 artificibus,
320 1192 358 1235 3id
381 1194 435 1248 quod
456 1194 520 1236 adhuc
541 1194 572 1246 fu,
594 1194 804 1236 transformabuntur?

43 1263 129 1315 Nonne,
146 1275 198 1316 quae
214 1277 266 1305 nunc
283 1263 352 1304 eadem
369 1265 476 1305 amalario
492 1269 538 1305 sunl
554 1276 613 1316 uasa,
632 1264 704 1304 similia
720 1264 750 1304 his
767 1265 804 1305 diis

34 1332 100 1374 reddi
115 1338 206 1388 possent,
222 1334 239 1375 si
256 1332 337 1375 eosdem
354 1333 440 1375 artifices
456 1334 639 1375 nanciscerentur?
668 1334 740 1376 Nonne
754 1334 805 1375 haec

43 1405 120 1456 omnia,
144 1416 195 1457 quae
217 1417 227 1444 a
249 1405 306 1445 rohis
327 1404 447 1457 adoremur,
470 1410 555 1458 possent
575 1405 599 1445 ab
621 1405 733 1452 hominihus
755 1417 804 1446 vasa

42 1487 121 1515 rursum
132 1474 183 1527 fieri,
195 1472 294 1528 treliquls
305 1475 392 1516 similia?
414 1476 487 1516 Nonne
498 1475 558 1516 surda
570 1479 616 1516 sunl
627 1476 710 1516 omnia?
731 1475 804 1516 Nonne

43 1546 125 1586 caeca?
147 1545 218 1587 Nonne
231 1545 332 1586 inanima?
355 1545 428 1587 Nonne
440 1558 511 1586 seusus
523 1547 586 1586 omnis
601 1545 709 1599 expertia?
732 1545 805 1586 Nonne

44 1615 168 1657 immobilia?
184 1616 271 1667 ¹Nonne
288 1616 352 1656 omnia
368 1615 502 1669 putrescunt?
532 1615 606 1656 Nonne
628 1616 694 1657 onmia
710 1628 804 1656 corrum-

43 1686 135 1740 puntur?
164 1686 218 1727 Haec
235 1685 284 1727 deos
300 1686 387 1739 vocalis,
411 1686 441 1726 liis
461 1685 552 1738 servitis,
573 1685 624 1726 liaeo
642 1686 743 1736 ador'alis5
765 1683 805 1726 ⁵ct

44 1757 124 1798 omniuo
141 1756 216 1797 similes
232 1757 275 1797 istis
291 1755 402 1797 rcddhniui.
433 1756 510 1797 idcirco
525 1750 595 1797 odistis
610 1755 741 1808 Christianos,
759 1757 804 1809 [pria

43 1825 81 1868 hos
98 1837 144 1867 esse
161 1825 209 1868 deos
225 1839 266 1868 uon
280 1826 408 1868 'arhitmntun
439 1827 481 1868 Vos
495 1830 567 1879 autem,
583 1827 617 1880 qui
632 1826 677 1868 illos
692 1839 739 1867 esse
753 1827 803 1868 deos

43 1910 97 1939 nunc
119 1898 192 1951 putatis
215 1902 235 1938 et
257 1898 385 1951 existimatis,
411 1909 478 1938 nonne
504 1898 565 1938 multo
590 1898 667 1951 magis,
695 1885 753 1951 [praru
777 1898 804 1938 illi

44 1964 176 2022 [Christiani]
193 1979 229 2009 eos
250 1969 358 2010 contemtui
379 1968 473 2009 hahetis?
503 1969 575 2009 Nonne
598 1968 658 2009 multo
680 1969 744 2023 nangis
765 1980 802 2009 eos

44 2039 131 2079 irridetis
148 2043 167 2079 et
182 2039 254 2093 injuria
270 2039 361 2092 afficitis,
384 2040 429 2080 dum
450 2038 540 2092 lapideos
559 2039 639 2092 quidem
663 2043 683 2079 et
703 2044 804 2080 testaceos

44 2110 87 2150 sine
103 2106 238 2151 ⁶ouslcdlhus
254 2110 389 2162 veneramini,
408 2114 517 2164 argenteos
534 2114 600 2150 autem
617 2115 636 2151 ct
652 2122 727 2151 aureos
744 2114 804 2151 nocte

43 2225 95 2260 habet
107 2223 161 2258 τέλεόν
173 2237 192 2257 τε
224 2224 337 2268 ἔξομοιοῦοθε,
355 2232 373 2259 et
384 2227 413 2260 la·
431 2226 537 2270 praesentari
544 2227 667 2269 pulalis3sicut
674 2226 803 2268 aasentias.

44 2296 87 2319 curra
100 2285 137 2328 ejus
150 2285 167 2317 in
180 2284 279 2329 apographo
293 2284 363 2318 Beureri
381 2296 413 2318 ex·
456 2284 475 2326 6)
494 2281 602 2326 Ἇορολάκιως.
635 2284 730 2329 Stephanus
756 2286 804 2319 dedit

43 2343 89 2387 pleta
97 2349 123 2376 est
131 2345 233 2387 pronomine
242 2340 305 2380 adroic;
319 2350 335 2379 ct
343 2346 413 2378 orrrrtiuc
432 2340 539 2386 ἀφυλάκτους,
554 2354 626 2388 eamque
639 2343 731 2376 lectionem
744 2354 803 2377 ornnes

43 2404 113 2437 uirilitas
139 2403 181 2436 istis
206 2403 307 2436 occidimini.
344 2399 414 2435 Biihlius
433 2402 507 2435 editores
520 2402 631 2434 retinuerunt.
651 2401 685 2434 Sed
698 2411 766 2443 vereor,
781 2412 803 2435 ne

43 2457 156 2500 ἐξομοιοῦσθαι
173 2462 228 2493 activa
245 2459 370 2504 significatione
383 2472 414 2494 ac·
433 2460 462 2493 ille
478 2459 498 2493 V.
515 2459 536 2492 D.
554 2460 571 2492 in
590 2459 640 2503 culpa
658 2460 689 2502 sil,
708 2470 743 2492 nou
764 2460 803 2493 cod.

45 2519 95 2562 cipit,
114 2523 131 2550 et
143 2517 220 2551 lacunam
233 2523 262 2551 aut
274 2515 332 2551 verbis
346 2521 415 2562 τῷτῶν
432 2523 576 2562 mstusquousus
588 2523 618 2551 est.
638 2516 689 2550 Certe
702 2518 803 2561 scripturam

43 2574 85 2607 ὅλων
107 2575 143 2618 Θεῷ
168 2575 234 2619 explet:
260 2579 363 2622 crrrrainopua
382 2579 414 2612 illu
433 2577 504 2610 anobis
517 2581 603 2620 receptam
617 2563 745 2621 (eantque'uon
759 2588 803 2610 cou-

44 2633 82 2669 Dao
141 2637 228 2679 reparans,
242 2640 270 2668 aut
282 2634 340 2669 verbis
352 2632 415 2673 τούτοις
432 2634 550 2679 temnendam]
563 2633 712 2679 praehetBeureri
727 2646 803 2681 apogra-

44 2690 64 2723 τὸ
76 2695 133 2727 auu:
146 2694 250 2738 omninoque
258 2695 338 2729 divinum
350 2705 414 2729 nurucu
432 2694 483 2737 phun,
498 2693 610 2738 eamdemque
623 2694 661 2729 cod.
671 2695 763 2745 Argentor.
774 2696 802 2729 in-

44 2752 74 2788 uta
84 2753 143 2788 ciruilc
150 2753 231 2794 redditio,
244 2752 255 2785 i.
266 2763 281 2786 e.
290 2752 316 2786 his
325 2752 375 2787 rebus
383 2763 414 2787 re·
433 2751 483 2786 dicat.
502 2754 555 2786 Orro.
