1765 2987
62 158 80 194 s.
92 138 191 202 renarra]
354 156 525 193 raoaeooueua.
786 157 822 192 rur

62 265 173 319 Poiyearpo
186 262 207 320 ¹]
223 278 264 308 non
280 265 344 307 sotum
360 266 423 306 amico
440 266 483 320 ejus
499 267 589 322 ignatio,
612 266 648 309 sed
670 268 690 308 et
705 265 743 319 ipsi
759 264 821 319 Poly-

62 350 122 391 carpo
139 336 198 377 salsas
215 341 339 390 supponeret
354 337 465 389 epistolas?
490 338 521 379 De
537 339 651 380 testimonio
662 336 767 391 Polycarpi
783 336 820 376 ch.

60 407 160 447 Peerson.
176 407 279 448 Vindiciae
294 407 314 447 P.
330 406 343 448 i.
360 420 376 447 o.
393 405 412 448 5.
429 412 448 447 et
466 406 562 459 Utidorn,
579 407 591 449 i.
608 420 624 449 c.
641 421 659 461 p.
677 405 725 449 aad.

120 474 145 530 b]
167 476 188 518 Si
207 489 256 517 vero
279 477 377 531 originem
397 477 524 529 epistolarum
545 482 592 530 post
611 482 694 518 mortem
712 476 819 530 Poipearpi

60 545 171 586 transferre
188 550 207 586 et
217 546 324 599 Poiyearpi
338 558 418 600 quoque
433 548 535 599 epistolam
546 547 633 600 rejicere
643 547 700 598 veiis,
715 546 819 587 irenaeus

60 617 137 666 obstat,
159 616 216 670 cujrrs
232 616 355 669 temporibus
372 615 469 669 epistotae
484 616 528 656 iliae
544 621 564 656 et
579 617 656 671 ignatio
673 621 692 656 et
706 617 818 670 Poiyoarpo
843 642 845 644 ·

60 685 173 738 adscriptae
191 686 232 739 jam
253 689 334 738 praesto
355 690 417 726 erant.
452 685 497 739 ipse
517 686 554 727 iiiis
575 687 708 727 testimouium
728 688 819 740 praebet,

60 759 79 795 et
95 754 238 795 celeberrimus
253 754 360 809 Polycarpi
376 754 485 807 discipulus
504 756 524 795 in
544 756 621 797 hac-re
637 755 677 796 iaiii
692 767 733 797 non
749 756 818 809 potuit.

59 824 117 873 Quod
133 825 267 865 testimoninm
278 824 356 865 irenaei
372 823 397 863 de
413 824 496 876 epistola
507 825 578 879 ignatii
593 825 617 866 ad
628 826 729 866 Romanos
743 827 818 878 attinet,

58 895 105 943 vide
120 906 180 949 snpra
196 894 222 935 iit.
238 894 257 936 h.
274 907 292 948 p.
307 894 343 944 Li3
360 894 385 935 de
401 894 485 947 epistota
501 899 566 935 autem
581 895 686 950 Poiyearpi
702 896 726 936 ad
742 895 818 949 Phiiip-

19 990 21 994 -
57 977 131 1019 penses
147 967 172 1006 ita
189 964 270 1006 disserit
286 964 305 1007 S.
320 964 429 1004 irenaeus:
448 961 506 1006 Ἔστι
528 963 552 1006 δὲ
571 962 606 1006 καὶ
625 960 729 1021 ἐπιστολή
744 964 817 1006 Πολο-

56 1031 143 1092 καρπον
159 1032 216 1092 πρὸς
233 1031 395 1090 Φιλιππησίονς
409 1032 540 1091 γεγραμμένη
555 1049 572 1074 κ.
587 1049 605 1076 τ.
621 1034 639 1075 λ.
651 1034 678 1091 ¹²).
709 1037 739 1077 De
759 1037 818 1077 testi-

56 1107 122 1147 monio
143 1105 220 1146 irenaei
241 1105 276 1146 cir.
292 1105 395 1146 Penrsoe.
412 1106 515 1148 Vindiciae
530 1106 549 1148 P.
568 1106 582 1147 i.
604 1104 650 1147 ob
672 1110 692 1147 ei
714 1107 815 1158 Udlborn,

55 1177 67 1217 i.
84 1190 100 1217 c.
117 1190 135 1230 p.
152 1174 195 1217 att
211 1188 254 1229 sqq.

115 1244 139 1299 c)
161 1247 239 1287 Tertius
261 1245 387 1298 epistolarum
409 1246 555 1300 ignatianarnm
577 1247 634 1286 testis
655 1246 764 1287 Lucienus
786 1250 817 1287 est

55 1315 214 1367 Samosatensis,
236 1315 306 1368 quiin
322 1314 402 1370 diaiogo
419 1316 444 1355 de
459 1321 525 1355 niente
540 1314 651 1367 Peregrini
665 1315 737 1369 ignatii
753 1316 817 1356 nostri

54 1385 157 1426 historiam
173 1384 267 1426 deridere
283 1385 368 1443 ridetur.
394 1385 517 1438 Peregrinus
534 1384 566 1439 (ᾗ.
580 1383 597 1426 1.
608 1382 650 1439 42]
667 1386 719 1425 enim
735 1386 815 1439 saepius

54 1451 189 1507 κακοδαίμων
203 1451 329 1509 nominatur,
352 1467 391 1507 quo
410 1456 492 1495 nomine
507 1455 604 1508 ignatium
621 1467 701 1508 quoque
717 1455 815 1507 Traianus

54 1527 130 1568 notavit
146 1523 195 1580 (cir.
210 1525 329 1579 hiartyrium
345 1525 416 1578 Ignatii
434 1537 451 1566 c.
468 1523 501 1579 2).
532 1525 609 1566 Deinde
624 1526 746 1579 Peregrinus
768 1529 815 1565 tan-

53 1609 113 1649 quam
129 1596 242 1646 episcopos
258 1595 377 1635 describitur
393 1592 426 1648 [§.
439 1593 496 1651 mr
519 1599 539 1635 et
558 1595 589 1635 his
608 1596 688 1635 verbis:
711 1591 733 1636 ἐν
748 1589 816 1650 Συρία

52 1662 144 1706 δεθέντα
161 1662 193 1718 [§.
212 1662 257 1718 18).
288 1664 351 1705 Porro
367 1668 435 1704 narrat
450 1663 549 1705 Lucianns
566 1663 598 1718 (ᾗ.
617 1663 670 1719 13),
692 1665 815 1706 Christianos

52 1734 141 1776 subsidia
162 1734 241 1773 misisse
262 1734 341 1787 captivo
364 1744 401 1774 suo
422 1733 539 1787 Peregrina.
570 1733 644 1774 Nonne
666 1747 716 1776 vero
739 1735 815 1775 haecce

52 1804 132 1845 reseres
152 1799 176 1844 ad
197 1804 288 1857 legatos,
311 1815 361 1856 quos
378 1803 478 1844 Asiaticae
498 1803 597 1844 ecciesiae
611 1803 689 1858 ignatio
710 1804 815 1846 mittebant
839 1837 840 1840 η

51 1875 187 1929 gratulaturos
209 1871 264 1927 [ign.
284 1873 309 1914 ad
325 1873 374 1927 Eph.
391 1886 407 1913 o.
425 1871 443 1914 1.
459 1874 478 1914 2.
501 1873 526 1913 ad
541 1874 609 1927 hiagn.
626 1886 643 1914 o.
659 1873 703 1928 2)t
735 1875 814 1916 Summa

52 1956 102 1986 vero
112 1944 222 1985 acerbitate
231 1943 329 1997 ignatium
340 1944 403 1996 carpit
413 1944 503 1998 martyrii
514 1948 647 1998 appetentem.
669 1944 731 1993 Quasi
743 1957 814 1986 arnen-

51 2019 92 2056 tem
113 2016 165 2056 enirn
186 2011 308 2066 κενοδοξίαν
329 2014 413 2073 deridet
428 2015 515 2055 nobiienr
537 2015 581 2068 ejus
597 2014 712 2067 fervorem,
735 2019 815 2056 etcum

52 2085 140 2140 ignatius
155 2085 246 2126 hortatus
262 2085 322 2126 fuerit
336 2084 443 2137 ecclesias,
462 2089 483 2126 ut
498 2085 600 2126 mitterent
615 2086 750 2139 gratulatores
768 2086 814 2127 An-

51 2156 145 2208 tiochiam
166 2153 221 2210 [ign.
238 2155 262 2197 ad
278 2156 351 2197 Phiiad.
368 2168 385 2198 ο.
403 2154 435 2198 10.
458 2155 483 2196 ad
498 2155 565 2210 Polye.
582 2169 598 2196 c.
617 2156 628 2197 7
646 2154 702 2210 sip),
725 2157 814 2199 vicissim

52 2226 77 2267 de
92 2226 203 2280 Peregrina
223 2226 275 2279 apud
290 2226 398 2267 Lucianum
418 2227 444 2267 ita
465 2230 507 2267 est:
529 2224 584 2282 φασὶ
600 2222 624 2266 δὲ
639 2220 722 2274 πείσαις
736 2224 813 2279 οχεδδν

50 2297 99 2345 ταῖς
115 2292 212 2346 ἐνδόξοις
225 2291 314 2338 πόλεσιν
326 2293 441 2343 ἐπιστολαῖς
452 2291 577 2353 διαπέμψαι
587 2290 651 2337 αἴνεον
709 2293 744 2338 καί
754 2310 813 2345 τινας

51 2363 89 2408 ε’νκὶ
98 2364 169 2422 τούνῳ
179 2362 313 2423 πρεσβευτάς
322 2366 365 2407 τῶν
376 2362 468 2423 ἐναίρων
483 2361 689 2422 ἐχειροτόνησε,
704 2360 812 2424 νεκραν-
881 2356 882 2359 ¹

50 2433 146 2491 μέλους
163 2434 198 2479 καὶ
216 2431 459 2495 νερτεροδρόμους
477 2434 653 2493 προσαγορεύσας
668 2435 700 2492 [ἕ.
716 2436 770 2492 41),
792 2442 813 2478 at

75 2611 93 2656 1]
108 2610 167 2647 hiediis
184 2612 230 2663 enim
245 2609 284 2648 Sec.
297 2611 319 2648 ΙΙ.
338 2612 422 2658 tempori·
441 2612 474 2647 rius
488 2612 582 2648 contendit.
603 2611 636 2647 ch.
650 2621 700 2657 supra
712 2610 811 2656 patum.

51 2670 89 2713 bus,
99 2681 140 2716 ergo
152 2673 222 2706 vivente
232 2672 288 2706 adhuc
297 2671 313 2706 S.
320 2671 421 2717 Poiycarpo,
464 2672 483 2714 2)
496 2671 540 2705 adv.
555 2672 600 2705 haer.
610 2670 638 2704 ΠΙ.
648 2669 664 2704 3.
683 2669 735 2716 Apud
743 2672 811 2706 Enoch.

51 2729 133 2774 epistolas
145 2735 212 2765 nostras
226 2731 315 2766 confectas
327 2729 421 2767 csse‘Bau-
440 2729 482 2765 Hist.
497 2729 539 2766 ecci.
551 2728 580 2775 lv,
594 2728 622 2763 14.
