1765 2987
218 206 384 248 1ιιιιιιιιιιιιιιιε,
398 195 525 244 commun.
539 209 574 244 xv.
588 206 631 245 ιιι.
765 204 808 253 289

51 318 146 369 Christo,
171 318 248 360 dilecto
270 323 304 361 tao
323 318 380 372 filio,
403 330 448 359 curn
469 331 509 373 quo
530 319 568 360 tibi
588 324 608 360 et
626 307 715 372 Spirltai
735 322 809 360 sancto

47 390 126 444 plocio,
143 394 164 430 ct
178 402 234 430 rcanc
250 394 270 430 el
284 389 307 430 r'n
322 388 398 440 fulcra
414 389 491 430 seculo.
523 388 595 429 Amen.

207 518 249 559 XV.
279 518 412 572 Polpcmpas
428 518 476 572 ipae
491 529 534 559 con
550 517 648 558 laeditur.
697 507 699 509 V

107 601 132 642 Et
147 605 254 654 postquam
267 598 333 641 Arnen
348 602 453 654 emisisset,
469 600 648 655 precationemque
662 599 811 653 complevisset,

48 672 132 713 ministri
155 671 208 726 ignis
231 671 298 724 ignem
322 672 464 712 accenderunt.
496 658 544 712 Cum
567 683 616 711 vero
640 670 712 724 ingens
732 670 810 711 flamma

49 743 161 794 emicasset,
178 740 255 796 grande
271 741 387 783 miraculum
399 740 496 795 vidimus,
512 752 557 791 uos,
574 741 646 793 quibus
658 740 706 781 illud
718 744 811 795 spectare

49 824 167 854 concessum
183 810 227 863 fuit,
243 811 277 864 qui
293 815 313 852 et
328 811 374 853 ideo
385 812 484 853 reservati
495 822 570 862 sumus,
587 815 608 852 ut
623 811 673 864 aliis,
689 824 741 865 quae
757 823 810 852 con-

48 884 143 938 tigerunt,
159 884 328 924 annuntiaremus.
360 882 430 938 ¹lgnis
442 883 494 924 enim
506 881 589 923 fornicis
601 882 689 935 speciem
703 882 810 936 praebens,

48 957 141 1006 tauquam
157 953 214 994 navis
230 954 297 995 velum
314 966 325 993 a
341 957 403 994 vento
419 953 524 1007 repletum,
540 953 561 993 in
576 952 652 994 circulo
668 965 741 1006 corpus
755 964 811 993 mar-

48 1024 97 1078 tyris
114 1024 254 1076 circumdedit3
277 1024 342 1078 quod,
365 1026 384 1065 in
402 1025 467 1066 medio
483 1024 581 1077 positum,
604 1036 645 1065 non
664 1028 686 1064 ut
701 1035 749 1064 caro
765 1035 811 1063 assa

47 1094 159 1147 videbatur,
176 1096 212 1136 sed
230 1096 291 1136 veluti
307 1095 364 1150 panis
380 1099 457 1147 coctus,
474 1094 507 1135 vcl
522 1095 574 1135 sicut
588 1106 657 1136 aurum
672 1098 692 1135 et
705 1098 810 1148 argenium

48 1167 69 1207 in
84 1165 167 1206 fornace
183 1166 278 1207 candens.
310 1167 392 1207 'lautam
408 1171 475 1206 antem
490 1177 527 1206 nos
543 1166 670 1219 percepimus
691 1164 810 1205 suavitatem

48 1233 249 1287 ²odori3,acsitl1us
259 1241 292 1279 ant
298 1235 350 1278 alind
357 1236 456 1290 quoddam
462 1237 596 1291 pretiosorum
603 1239 712 1277 aromatum
720 1235 810 1276 oluisset.

188 1365 239 1406 XVI.
270 1365 402 1419 Polycarpus
419 1365 514 1419 pupione
533 1366 669 1419 transactum.

107 1448 196 1489 Tandem
217 1447 278 1501 igitur
300 1451 408 1489 cernentes
431 1448 527 1502 improbi,
551 1460 625 1502 corpus
649 1448 693 1502 eJ'us
717 1447 740 1488 ab
763 1446 811 1500 igne

48 1530 89 1559 non
110 1530 172 1572 posse
192 1517 294 1569 consumi,
313 1519 419 1572 jusserunt
434 1517 591 1559 ³confectorem
611 1518 694 1572 propius
711 1515 810 1558 accedere

47 1588 178 1642 pugioneque
194 1579 380 1642 eum'transfigere.
413 1588 471 1637 Quod
491 1601 535 1630 cum
555 1589 589 1630 ille
609 1588 702 1640 fecisset,
724 1587 811 1628 evolavit

48 1655 157 1699 ⁴columba
169 1662 188 1699 et
199 1657 276 1699 effluxit
287 1662 340 1699 tanta
351 1658 455 1713 sanguinis
466 1660 531 1711 copia,
547 1663 569 1700 nt
579 1661 646 1714 ignem
660 1658 807 1712 exstingueret,

22 1729 24 1733 “
47 1731 108 1780 utque
128 1719 224 1769 universa
244 1728 301 1782 plebs
321 1728 438 1781 miraretur,
462 1733 537 1770 tantum
558 1742 604 1771 esse
628 1729 735 1771 discrimen
755 1727 808 1767 inter

46 1797 138 1839 infideles
155 1803 175 1839 et
191 1799 279 1850 electos3
295 1811 381 1852 quorum
396 1810 448 1840 unns
463 1799 496 1839 hic
512 1798 566 1841 ⁵fun
580 1800 666 1842 maxime
680 1797 808 1840 admirandus
839 1818 841 1820 ·

46 1872 121 1921 martyr
130 1867 260 1922 Polycarpus,
277 1870 310 1921 qui
326 1871 400 1910 nostris
416 1870 539 1923 temporibus
553 1870 674 1924 apostolicus
686 1873 706 1910 et
715 1867 808 1923 propbe-

45 1937 97 1979 ticus
113 1937 185 1980 doctor
201 1940 282 1991 exstitit,
298 1945 358 1993 atque
374 1939 484 1980 catholicae
502 1940 601 1981 ecclesiae
617 1939 744 1995 Smyrnensis
761 1937 807 1990 epi-

46 2036 82 2073 tur,
102 2030 189 2064 lectorem.
205 2031 301 2075 quempiam
323 2032 339 2065 iu
360 2033 417 2065 animo
435 2033 451 2065 iu
463 2033 555 2077 epitaphiis
568 2021 601 2068 ctc‘.
614 2032 807 2078 saepedepingebatur,

45 2088 135 2131 habuisse,
161 2089 182 2122 ad
203 2100 250 2123 oram
271 2090 335 2124 codicis
356 2096 417 2124 notare
436 2089 554 2135 quo‘lactum,
571 2097 590 2125 ut
602 2096 698 2136 temporum
714 2101 808 2136 progressu

46 2146 103 2180 locum
121 2146 215 2191 epistolae,
234 2148 263 2181 ubi
280 2149 353 2182 animam
369 2158 417 2182 suam
436 2149 458 2181 de
471 2147 639 2193 multisllartpribus
652 2149 697 2183 fama
708 2149 807 2194 divulgare-

47 2203 112 2239 elllavit
124 2204 141 2238 b.
150 2203 266 2250 Polycarpus3
279 2205 361 2251 ideoque,
374 2207 417 2239 mori
435 2212 468 2250 tur,
476 2208 552 2250 ipsorum
561 2209 624 2241 animas
633 2208 665 2241 sub
673 2209 732 2252 specie
739 2205 807 2241 colum-

46 2262 132 2297 ecclesiae
150 2264 214 2298 veteris
229 2263 339 2307 obsecutum,
355 2274 418 2299 vocem
436 2265 495 2298 barum
508 2276 518 2298 e
532 2265 632 2309 corporibus
643 2266 713 2299 mortuis
722 2264 807 2299 evolasse.

45 2318 129 2365 περιστεραὶ
149 2322 221 2366 nrargini
242 2323 363 2371 adscripsisse,
385 2334 417 2368 qua
437 2322 471 2357 cn.
484 2325 586 2369 Delliupcr,
604 2323 687 2367 Hippolyt
703 2329 736 2358 etc.
756 2322 806 2356 1853.

46 2377 111 2412 scilicet
125 2379 237 2424 significaret,
253 2381 325 2414 animam
338 2379 357 2414 B.
370 2381 417 2415 ltlar·
436 2393 452 2426 p.
461 2380 489 2414 63.
500 2400 521 2406 —
530 2381 581 2416 Nolle
590 2381 669 2424 conjicit:
682 2380 738 2423 ἐξῆλθε
747 2381 808 2424 περί-

47 2437 89 2478 lyris
100 2436 130 2470 illo
140 2438 221 2482 temporis
230 2444 317 2473 momento
326 2450 336 2472 c
345 2449 418 2483 corpore
436 2452 505 2483 πτερα
513 2439 581 2481 αῇιιατος
588 2437 630 2471 aurel
638 2440 700 2481 πλῆθος
709 2454 733 2470 =
743 2441 807 2474 scin-

45 2492 417 2541 libcratam,subcolumbaespccieadcoe·
436 2500 544 2534 litterum
567 2500 628 2533 instar
651 2500 727 2543 rurvpais
749 2510 806 2544 spar-

46 2551 80 2585 lum
90 2553 174 2588 evolasse.
191 2553 311 2588 Columbarum
320 2556 364 2588 euim
373 2557 418 2589 ima·
436 2559 509 2603 petatur
527 2568 593 2593 versus
612 2559 747 2592 urullltudinem.
773 2554 807 2590 err.

46 2610 94 2654 gines
111 2613 162 2645 etiam
176 2611 307 2646 Christianorum
322 2613 417 2658 sepulchris
437 2614 503 2648 Cantic.
516 2615 576 2649 cantic,
590 2614 607 2657 8,
621 2615 637 2648 6.

46 2666 146 2713 frequenter
155 2663 253 2713 exsculptae
262 2676 305 2705 sunt.
321 2673 417 2705 Jacousorn
460 2673 479 2716 5)
500 2671 524 2705 lta
545 2671 652 2705 Jacobsouus
677 2683 686 2704 e
711 2670 807 2706 codicibus.

46 2724 105 2772 imago
119 2727 208 2762 columbae
217 2728 263 2773 apud
271 2734 341 2762 veteres
350 2729 418 2774 signum
432 2729 572 2775 -Plusquamperd
581 2731 617 2763 sine
627 2735 719 2775 augmento
729 2735 808 2775 utsupra

47 2789 84 2817 erat
100 2787 168 2820 animae
181 2796 191 2819 c
204 2796 278 2831 corpore
294 2788 384 2832 migrantis
401 2792 418 2820 et
437 2799 452 2822 c.
466 2787 493 2822 12.
512 2787 561 2833 Vulg.
574 2789 644 2833 γέγονεν.

81 2854 125 2882 Patres
134 2860 177 2889 spart.
187 2856 213 2881 Ed,
224 2857 247 2882 lV.
640 2846 666 2890 19
