1765 2987
63 176 80 211 S.
95 172 234 218 CLEMENTIS]
356 170 527 207 PROLEGOIIENI.
757 171 824 206 XXXIII

62 281 206 335 Apostolorum
222 280 274 321 Petri
297 282 317 318 et
336 278 391 319 Pauli
412 281 537 333 martyrium,
559 282 613 322 eirca
634 280 658 321 A.
679 278 708 323 68
729 279 822 332 scriptam

63 364 105 392 com
118 363 164 391 esse
175 350 303 391 contendunt.
331 348 443 390 Cotclerius
461 355 532 403 autem,
547 353 692 405 Tillemontius,
703 352 822 404 anperns,

63 421 188 464 Sclrliemenn
209 417 255 473 (die
277 419 413 459 Clementinen
435 432 453 472 p.
469 419 512 461 409
529 419 585 475 sep),
607 422 687 462 Bnnsen
709 420 784 476 (lgnat.
802 434 822 460 v.

62 490 155 531 Antioclr.
172 493 209 527 etc.
225 501 244 542 p.
262 485 314 542 95),
336 487 411 528 Ritschl
428 487 452 542 [l
469 502 485 529 e.
501 504 519 543 p.
537 488 593 544 282)
610 496 630 529 et
645 491 759 544 Hilgenfeld
776 488 822 544 [oie

62 559 146 612 apostol.
164 559 226 598 verer
250 557 312 599 1853.
336 571 354 610 p.
370 557 399 599 84
421 564 441 598 et
463 557 504 613 99)
528 560 651 612 temporibus
674 560 821 610 persecutionis

62 614 237 670 Domitiani‘circe
255 627 278 668 A.
296 623 323 669 96
340 628 371 668 vcl
388 625 415 669 9ῖ
433 641 476 668 eom
493 632 594 668 eremium
610 628 737 669 arbitramur.

121 700 170 739 Tota
192 697 243 737 haec
264 698 355 749 quaestio
379 697 471 737 facillime
492 702 564 749 posset
588 697 681 747 dissolvi,
704 699 721 737 si
745 701 822 749 tempus

62 767 179 808 Clementini
195 767 321 819 episcopatus
338 767 396 819 plone
414 771 521 807 constaret.
544 766 584 807 'Ex
602 778 664 819 supra
683 767 739 806 dictis
756 771 822 806 nutem

61 837 201 888 intelleximus
218 836 376 878 ecclesiasticum
388 836 495 878 Clementis
506 835 598 890 regimen
614 837 714 877 antennis
726 834 821 889 fill-ll,

62 910 95 947 aut
111 904 211 948 92-101
229 919 276 947 esse
292 907 425 947 tribuentium.

80 1013 82 1016 .
123 976 187 1024 Ouum
203 989 252 1017 vero
268 988 302 1016 res
318 977 343 1016 ite
359 989 381 1016 se
398 976 475 1028 linteae,
492 975 596 1030 epistolem
610 976 672 1030 ipsum
687 976 821 1030 inspiciurnuS,

60 1048 156 1099 temporis
172 1046 244 1087 indicia
260 1047 407 1100 investigeturi.

92 1114 116 1170 a]
133 1116 225 1156 Clemens
249 1117 337 1170 martyrii
358 1116 502 1169 Apostolorum
524 1117 576 1156 Petri
601 1120 620 1156 et
640 1116 696 1156 l'uuli
720 1117 785 1170 capite
807 1115 820 1158 ὅ

133 1187 253 1226 mentionem
276 1187 351 1227 inciens
372 1189 409 1227 ait:
435 1180 533 1240 {liltoper
555 1183 592 1227 ἐπὶ
615 1183 682 1234 τούς
705 1181 821 1242 ἔγγιστα

133 1253 255 1312 γενομένους
278 1249 382 1312 uutipotg.
412 1256 461 1297 Inrle
484 1261 578 1310 apparet,
602 1258 707 1310 epistolem
730 1263 820 1298 nostrum

133 1339 174 1367 non
190 1328 251 1368 inulto
266 1333 313 1381 post
329 1330 403 1368 obitum
414 1327 565 1379 Apostolorum,
581 1329 593 1368 i.
608 1340 625 1368 e.
642 1340 682 1368 non
698 1329 759 1370 multo
776 1332 821 1382 post

134 1400 296 1451 persecutionem
312 1398 400 1439 Neronis
417 1403 518 1438 exoletam
535 1409 587 1438 esse.

91 1465 117 1522 h]
134 1468 203 1521 Cupite
214 1466 227 1509 6
239 1470 353 1522 persecutio
365 1482 430 1522 nuper
441 1470 577 1522 preeterlepso
590 1467 620 1524 [c.
631 1467 656 1525 l)
668 1470 719 1510 odeo
730 1474 820 1522 cruente,

134 1545 154 1579 ct
170 1539 274 1580 nnrltiturlo
290 1545 400 1595 martyrum
417 1544 469 1580 tante
486 1540 612 1590 describitur,
632 1545 653 1580 ut
668 1539 762 1591 Neronis,
779 1551 819 1581 nen

134 1610 241 1651 Donnumi
253 1616 341 1663 ternpore
354 1611 472 1651 imlieentur.
488 1611 595 1663 lupeniern
607 1612 658 1652 enim
669 1611 821 1652 inultitnclinem

134 1680 171 1719 snb
182 1680 264 1720 Nerone
281 1681 387 1720 crumelum
404 1679 473 1731 luisse,
490 1681 570 1720 'teritus
587 1679 670 1734 (eamn
685 1681 820 1734 sumptuosi,

60 1758 64 1764 “
135 1762 172 1802 qua
188 1750 249 1790 utitur
266 1749 284 1790 S.
301 1749 368 1800 Peter,
389 1745 445 1789 reoli)
464 1747 565 1804 πλῆθος)
586 1750 644 1790 nobis
666 1749 729 1789 refert
744 1749 773 1803 ¹),
795 1752 820 1790 ilc

135 1817 246 1861 Domitiano
263 1824 328 1877 erilem
345 1820 478 1860 Tertullianus
494 1822 520 1860 ite
536 1822 634 1872 loquitur:
659 1819 786 1860 Teutucerut
801 1825 821 1860 et

134 1889 278 1940 Domitianos,
292 1892 362 1942 portio
378 1890 469 1931 Neronis
485 1890 510 1930 ele
527 1891 662 1939 crudelitate,
684 1891 723 1930 secl
743 1903 786 1942 (prro
801 1896 822 1931 et

113 1950 115 1953 ”
134 1960 207 2010 horno,
230 1960 295 2011 focile
312 1967 407 2013 coeptum
422 1961 537 2012 repressit,
556 1961 660 2001 restitutis
675 1961 750 2010 etium,
768 1973 820 2012 quos

134 2031 266 2083 relepooerat
277 2029 305 2086 ²).

93 2097 117 2155 o)
134 2100 223 2154 Cupp5
246 2100 294 2144 etss
316 2102 383 2144 nullus
405 2106 434 2143 tot
456 2102 560 2143 illustrium
584 2106 704 2157 martyrum,
729 2102 762 2155 qni
783 2103 820 2142 suh

133 2173 247 2215 Domitiano
270 2175 323 2227 possi
345 2178 402 2225 sunt,
424 2176 548 2213 nominetur:
567 2185 607 2214 non
625 2173 703 2213 Fluvios
720 2173 820 2223 Clemens,

134 2256 175 2285 non
192 2244 282 2284 Anoilius
300 2243 392 2297 Glabrio,
408 2256 448 2285 non
465 2243 659 2295 Fleriellonritille,
675 2257 716 2285 non
731 2244 821 2284 Jonnnes

135 2314 275 2368 Evangeliste13
292 2300 378 2368 quorum
394 2315 487 2367 aliquem,
503 2319 524 2354 ut
535 2314 645 2355 Cardirrnlis
657 2314 703 2355 Orsi
711 2313 732 2369 ³]
746 2319 820 2365 monet,

135 2384 352 2427 salomonem-asser
364 2386 383 2428 S.
395 2386 459 2437 Pater,
475 2387 491 2426 si
507 2389 553 2439 post
564 2385 709 2427 Domitiuneem
720 2397 820 2439 persecu-

134 2455 209 2495 tionem
225 2457 345 2510 scripsisset.

93 2522 118 2577 d)
134 2524 155 2564 ln
171 2525 210 2565 fine
226 2538 243 2566 c.
260 2525 272 2568 6
290 2527 336 2566 dicit
351 2527 456 2568 Clemens:
472 2524 536 2582 ζῆλος
546 2524 581 2567 καὶ
588 2521 636 2583 ἔρις
645 2524 719 2573 πόλεις
728 2518 822 2579 μεγάλας

132 2591 283 2653 κατέστρεψεν.
310 2598 393 2652 Quodsi,
410 2598 490 2652 quando
502 2598 576 2638 Noster
589 2599 640 2638 haec
655 2597 741 2650 scripsit,
758 2596 821 2637 Jeru-

85 2683 102 2726 Ῑ)
117 2684 176 2719 Amal·
189 2686 224 2721 XV·
238 2699 253 2722 0-
266 2688 341 2724 41-44.
440 2696 442 2726 Ι
475 2690 494 2735 3]
506 2690 555 2724 Istor.
570 2690 611 2723 ecel.
625 2689 642 2722 T.
656 2688 668 2721 l.
682 2700 699 2733 p.
712 2688 752 2723 412.
771 2688 822 2732 Apud

84 2742 104 2788 2)
117 2742 190 2789 Arolos·
205 2755 220 2779 ο.
233 2747 250 2780 5-
440 2728 527 2787 lutrano.
540 2746 583 2783 Βιιι.
597 2747 615 2782 ι.
628 2748 640 2785 ι.
661 2746 730 2793 rung.
747 2759 764 2792 p.
777 2747 820 2782 nin.
