1789 2987
102 147 125 181 1v
344 128 347 134 “
414 138 547 176 rinuvino.

423 195 487 238 Μ·
557 198 590 242 tf
766 237 768 240 .

102 255 168 305 studii
188 260 209 300 et
226 253 310 300 laboris
329 252 352 297 in
366 192 691 297 rerntetindlffadomanda
706 250 860 314 impendimus.

102 333 221 394 Syriacam
239 333 343 374 veterem
360 328 428 374 trium
446 327 612 388 Ignatianarum
637 327 782 389 epistolarum
800 344 860 377 ver-

45 424 48 426 ·
101 410 187 455 sionem
210 407 232 450 in
256 406 394 451 monasterio
418 404 515 465 quodam
537 403 641 465 Aegypti
666 402 777 451 detectam
801 412 823 452 et
847 422 860 453 a

105 483 227 528 Crrretono
243 481 322 542 Anglo
341 496 360 527 a.
377 479 442 527 1845
463 480 544 525 editam
565 478 632 538 [Tlre
651 483 753 527 ancient
768 481 860 544 Sprr'oc

98 560 198 604 oernr'orr
226 557 258 619 of
283 555 325 602 tte
352 555 451 620 epr'stleo
479 555 511 616 of
535 558 605 601 coint
627 554 745 620 Iprrotr‘oe
769 565 794 604 to
822 557 859 605 St.

98 633 240 698 Polycarp,
275 633 317 680 rte
345 631 485 697 Eplrerr'orre
518 630 571 677 arrd
602 629 643 678 the
670 630 785 680 Romana
817 640 859 680 eto.

97 710 202 769 Londoin
216 710 366 771 Rivingtons)
381 724 430 755 oum
445 722 530 770 graeco
544 713 608 754 textu
620 715 698 755 nostro
713 708 859 769 contulimns3

98 786 222 833 secundam
248 783 387 832 Jocodrorn'
412 785 532 832 editionem
559 784 650 831 Polrum
674 785 859 848 Apostolicorum

99 864 183 922 (Onon.
211 863 284 909 1840,
308 864 322 909 2
342 862 407 922 tom.)
431 862 514 909 utiliter
536 861 687 921 adhibuimus⁷
711 861 859 910 animadver-

98 942 175 986 siones
200 939 308 987 Joerrnr'r
337 938 424 985 Coreli
451 937 580 986 Theodori
605 936 665 986 Otto
692 940 715 985 in
741 938 859 1001 epistolam

99 1015 127 1062 ad
150 1016 289 1077 Diognetum
313 1022 335 1062 et
357 1015 467 1062 lectiones
490 1017 605 1062 variantes
629 1015 714 1063 codicis
736 1016 859 1077 Argento-

97 1095 193 1139 ratensis
213 1092 240 1139 ab
259 1095 309 1154 ipso
328 1090 411 1150 collati,
430 1091 654 1147 innocontiam
673 1106 738 1138 usum
756 1097 859 1140 nostruin

97 1170 251 1215 convertimus
271 1174 314 1213 eto.
333 1173 375 1212 eto.

167 1243 240 1291 Novis
265 1244 325 1290 curis
351 1241 447 1305 denique
473 1248 551 1305 quarta
572 1242 629 1290 liaeo
655 1242 722 1291 editio
743 1243 858 1292 elaborata

98 1328 138 1369 est.
184 1321 283 1367 'lentum
307 1320 381 1368 multis
405 1319 475 1379 locis‚
499 1322 632 1381 praesertim
657 1323 680 1367 in
707 1320 808 1383 epistolis
835 1320 858 1368 S.

98 1396 193 1458 ignatii,
225 1404 317 1443 veteres
349 1398 469 1442 versiones
497 1395 616 1458 Syriacam
649 1402 671 1442 et
696 1396 857 1444 Armeniaoam

100 1474 185 1536 (nuper
204 1489 216 1520 a
234 1474 385 1520 Petermanno
405 1471 499 1532 editam]
519 1471 662 1531 adhibentes,
688 1472 857 1520 emendavimus

99 1555 122 1595 et
147 1551 315 1596 annotationum
339 1550 419 1609 majori
441 1563 534 1594 munero
553 1548 720 1596 illustravimus.
755 1548 780 1595 In
798 1563 858 1596 ver-

99 1627 164 1672 sione
182 1625 251 1671 latina
269 1623 352 1686 ubique
371 1638 463 1671 sensnm
481 1630 610 1670 sanctorum
625 1624 716 1671 Panum
732 1627 858 1672 accuratius

99 1702 229 1763 exprimere
249 1702 323 1746 conati
341 1714 426 1759 sumus⁷
443 1700 610 1761 Prolegomena
629 1707 652 1746 et
669 1701 755 1748 indices
775 1701 858 1763 ampli-

98 1777 216 1824 ficavimus
236 1785 257 1824 el
276 1778 432 1833 correximus,
453 1782 475 1822 ot
494 1791 551 1837 (pirae
571 1791 584 1822 a
602 1779 658 1824 viris
678 1776 749 1825 doctis
768 1779 791 1824 in
809 1793 858 1824 rein

97 1860 197 1900 nostram
218 1853 328 1915 disputata
346 1859 418 1911 eranu
436 1854 459 1897 in
472 1852 644 1914 Prolegomenis
659 1859 681 1899 el
696 1855 755 1900 notis
769 1868 858 1917 propo-

99 1930 190 1976 suimus.
226 1928 327 1975 llaximo
352 1927 388 1973 hio
412 1929 462 1973 usui
484 1928 549 1975 nohis
574 1929 665 1976 fuerunt
687 1931 803 1978 numerosi
826 1929 859 1976 illi

98 2002 158 2062 lion,
177 2006 214 2066 qui
230 2020 242 2050 a
257 2006 314 2051 viris
330 2002 464 2050 doctissimis
482 2004 563 2053 ultimis
578 2005 613 2053 his
629 2008 692 2053 annis
708 2006 736 2053 de
751 2005 858 2070 operibus

98 2078 189 2125 Patroni
201 2080 387 2142 Apostolicorum
402 2082 425 2125 in
440 2095 526 2140 genere
541 2088 563 2127 et
576 2083 699 2145 praecipue
715 2081 743 2129 de
757 2081 858 2146 epistolis

99 2154 122 2203 S.
140 2155 222 2216 Ignatii
241 2157 363 2218 conscripti
386 2162 442 2203 sunt.
478 2156 606 2204 Laudamus
624 2160 758 2221 praesertim

118 2232 145 2289 l)
176 2230 292 2295 Corpus
311 2229 330 2276 I
331 2234 535 2291 gentianum:
554 2249 571 2278 a
590 2233 711 2297 complete
727 2232 859 2280 collection

170 2307 203 2369 of
214 2306 255 2355 tlte
269 2305 394 2368 Igrrotr'orr
409 2308 526 2371 Eptudm,
545 2313 661 2369 genuino,
677 2307 857 2373 interpolatori,

170 2384 223 2430 arrd
239 2386 370 2448 rprurr'orre5
389 2384 506 2444 together
520 2384 581 2431 ruttlr
597 2402 730 2432 remitteretur
743 2392 859 2433 extructa

163 2461 241 2522 from
256 2458 331 2516 tdenr,
352 2475 381 2506 or
397 2461 489 2523 quoted
508 2460 539 2523 tp
558 2460 744 2508 ecclesiartr'col
758 2466 859 2510 writers

170 2538 242 2583 down
257 2543 283 2582 to
300 2535 341 2582 tte
355 2535 425 2582 tenth
440 2543 557 2599 oerrtnrp5
576 2541 601 2583 r'n
615 2540 734 2599 apricio,
754 2539 857 2600 greet,

170 2613 232 2659 erud
245 2613 277 2659 lo
284 2616 346 2659 tr'rr:
362 2629 396 2659 err
407 2612 503 2673 errglr'rlu
517 2613 672 2661 trorrelotr'on
682 2615 714 2677 of
721 2615 762 2662 rte
771 2620 859 2678 sprr'oo

171 2696 239 2746 teet,
273 2693 376 2755 copr‘orrr
403 2695 487 2746 croton,
521 2689 573 2735 arrd
605 2691 790 2750 introduction,
826 2690 858 2755 dp
