1765 2987
43 180 60 216 S.
73 177 171 224 laudnt]
335 174 506 213 Pisonudununn.
735 179 803 214 XXXIX

42 287 73 328 Ex
88 286 156 327 verbis
173 284 267 340 Gregorii
279 284 423 339 Abulpharagii
438 283 495 340 (Sec.
506 284 569 341 Xlll.)
580 285 600 342 ¹)
616 287 749 341 conjecerunt
765 286 804 328 viri

43 357 108 409 docti,
124 353 221 411 ignatium
237 355 343 396 oriundum
359 355 421 395 fuisse
434 355 508 414 Nonou
524 358 544 398 in
560 358 662 410 Sardinia,
678 371 714 400 sen
731 358 803 399 Norae

41 429 61 469 in
76 427 200 481 Cappadocia
217 426 250 467 rel
260 427 347 481 Phrygia
356 423 385 482 ²),
402 426 438 467 sed
453 440 526 468 revera
537 428 584 481 Syri
599 429 679 470 beatum
696 433 803 482 martqrem

42 498 126 539 lt'ureuc
142 496 278 550 appellarunt,
294 497 306 536 i.
323 509 340 537 e.
357 498 451 550 iqueum,
470 498 515 551 qnia
531 511 604 539 nomeu
619 499 698 552 lquutii
714 501 738 540 ab
755 501 803 554 ique

43 556 173 609 derivandum
194 577 240 606 esse
260 565 392 622 putarent³].
423 567 569 621 dietaphrostes
590 574 609 609 et
624 569 708 609 Adeuaea
729 583 803 625 graeca

42 636 93 691 apnd
110 634 259 693 Botlnndnmt]
276 638 340 690 ipsurn
360 637 465 691 parvulum
485 637 539 678 iilum
560 638 623 679 luisse
639 639 720 690 volunt,
745 652 803 692 quern

42 708 135 750 Salvator
155 713 226 750 noster
247 708 315 750 ultimo
337 708 491 762 praedicationis
512 720 561 749 suae
583 721 636 750 anno
652 708 756 763 Apostolis
778 708 804 748 de

41 779 126 832 primatu
147 779 270 833 litigantibus
290 778 314 820 ad
335 780 464 820 imitationem
485 781 602 833 proposuit,
626 772 672 821 dum
693 780 759 834 ajebat
770 777 803 833 ⁵):

42 850 165 903 quicumque
181 850 325 890 humiliaverit
340 862 363 890 se
379 851 436 890 sicul
448 850 553 903 paruulus
568 851 619 902 istc,
639 851 675 891 liic
690 855 722 891 est
736 851 805 902 eiicjm

42 921 65 960 iu
80 932 145 972 reque
163 920 269 960 coelorum
279 917 307 974 ⁶).

100 989 198 1043 ignatium
210 991 229 1033 S.
241 990 325 1031 loannis
336 989 429 1043 Apostoli
445 989 556 1031 auditorem
573 994 593 1031 et
604 989 623 1033 S.
634 990 739 1045 Polycarpi
751 1002 804 1030 con-

42 1060 159 1114 discipulum
176 1060 250 1114 luisse,
271 1066 314 1101 acta
330 1061 421 1114 Martyrii
437 1062 481 1115 ejus
498 1073 514 1101 c.
531 1060 550 1102 3.
567 1066 587 1102 et
602 1062 692 1103 nonnulli
708 1061 804 1101 Veterum

40 1132 121 1172 tradunt
133 1129 160 1186 ⁷).
191 1132 211 1174 S.
227 1132 339 1186 Gregorius
355 1132 380 1173 iii.
403 1144 448 1173 eum
469 1132 528 1173 etiam
550 1130 590 1172 divi
610 1132 663 1173 Petri
685 1131 803 1185 discipulum

41 1206 102 1242 vocat
122 1200 141 1255 ).

100 1272 257 1313 Constitutiones
269 1271 338 1325 Apost.
351 1270 405 1327 (vlt,
416 1270 464 1326 du.)
480 1272 610 1323 contendunt,
625 1272 723 1325 Ignatinm
734 1285 744 1312 a
756 1272 803 1312 divo

41 1343 103 1384 Panlo
120 1344 236 1397 episcopum
252 1342 372 1384 Antiochiae
388 1354 435 1383 esse
455 1342 572 1383 ordinatum.
602 1342 695 1395 Plerique
710 1346 776 1381 tamen
793 1354 804 1382 a

41 1413 100 1453 Petro
117 1413 208 1467 regimen
225 1413 324 1454 ecclesiae
339 1413 366 1454 iili
383 1413 474 1454 traditum
491 1412 553 1454 fnisse
571 1410 703 1467 putarunt⁹)‚
733 1413 804 1452 Petrus

41 1482 152 1524 Hadoixius
179 1483 257 1525 honore
284 1484 323 1524 hoc
348 1496 359 1524 a
381 1483 461 1525 loanne
482 1483 611 1538 Evangelista
638 1494 683 1523 eum
710 1482 804 1523 donatum

42 1559 112 1594 censet
121 1550 157 1609 ¹⁰).
187 1553 208 1594 In
224 1554 315 1609 regenda
326 1554 452 1595 Antiocheno
468 1555 555 1595 eeclesia
567 1554 664 1607 ignatium
677 1553 762 1605 Evodio,
779 1554 803 1594 ab

41 1623 144 1676 Apostolis
166 1625 286 1677 constituto,
308 1626 444 1676 successisse,
468 1629 487 1665 et
507 1624 652 1666 secundum
673 1623 726 1664 illius
748 1623 803 1664 urnis

41 1694 157 1746 episcopum
169 1693 238 1746 fuisse,
250 1694 307 1735 tradit
317 1694 418 1734 Eusequs
427 1692 457 1749 ¹¹)
463 1707 470 1743 ,-
487 1693 645 1735 Constitutiones
658 1693 803 1746 Apostolorum

41 1767 107 1802 antem
123 1761 237 1818 (V11‚dd.]
253 1765 344 1815 inuuunt,
361 1762 458 1804 Evodium
472 1775 496 1803 ac
508 1763 605 1818 ignatium
622 1763 695 1803 eodem
711 1767 803 1814 tempore

41 1832 140 1880 ecelesiae
156 1833 295 1875 Antiochenae
310 1833 436 1887 praefuisse,
457 1834 511 1874 illum
526 1846 537 1874 a
552 1834 623 1886 Petro,
644 1832 697 1873 hune
714 1845 724 1872 a
740 1832 801 1873 Paulo

41 1902 173 1943 constitutum.
204 1903 345 1945 Theodoretus
361 1903 448 1957 denique
463 1905 542 1945 tertiam
552 1907 666 1958 propugnat
677 1902 800 1956 opinionem,

64 2052 292 2097 1)Dynastiarumhistoria,
298 2053 410 2098 emiserit.
454 2054 474 2099 5)
487 2054 543 2090 ittarta.
558 2054 586 2098 18,
599 2054 615 2088 4,

39 2121 57 2154 p.
67 2111 100 2144 119
109 2113 202 2156 interprete
211 2112 308 2146 Pococlrio:
320 2115 411 2160 lquatium
453 2113 472 2154 6)
486 2113 528 2147 Vide
541 2115 624 2159 Luniper.
640 2112 683 2147 Hist.
696 2112 749 2146 theol.
763 2112 801 2146 erit.

39 2170 180 2215 Nurunieusem,
197 2175 301 2217 episcoprum
313 2173 410 2206 Auliuelic-
430 2170 448 2205 Τ.
461 2170 474 2204 Ι,
487 2182 504 2215 p.
517 2171 551 2204 245
560 2183 585 2216 sq.

39 2238 92 2270 ituro,
113 2232 143 2274 qui
159 2232 181 2265 ud
194 2233 253 2265 leones
266 2232 370 2273 conjectus,
390 2230 410 2263 ab
454 2230 473 2274 7)
486 2229 506 2262 Ε.
520 2241 536 2274 g.
546 2229 632 2263 Eusebius
642 2230 659 2263 in
670 2228 800 2264 Chronadivo

38 2286 64 2320 iia
77 2287 178 2332 discerptus
192 2294 224 2323 est.
250 2286 363 2323 cinerate.
430 2287 535 2331 Hieronymo
553 2287 605 2322 latine
621 2287 692 2334 vulgato
709 2286 730 2321 nd
744 2286 764 2320 A.
779 2286 800 2319 11

63 2343 83 2389 2)
97 2346 164 2389 mule,
179 2344 268 2390 spiens.
282 2344 303 2378 11.
316 2357 333 2390 p.
347 2344 355 2377 1
370 2345 411 2379 et2
430 2345 502 2389 Trajani.
585 2345 588 2347 ’

40 2406 58 2434 et
77 2404 174 2439 Jacobsuu.
195 2403 262 2437 Patrum
283 2408 337 2447 apost.
359 2402 377 2436 T.
397 2403 410 2437 I.
453 2405 473 2448 8)
486 2404 519 2448 Ep.
529 2405 551 2437 3?
564 2403 585 2438 ad
598 2402 705 2437 Anastasinrn
718 2401 799 2437 Antiooh.

39 2470 56 2503 p.
69 2459 105 2494 XX.
429 2461 479 2507 Apud
492 2464 601 2507 Lumpcrum
613 2461 624 2494 l.
638 2471 653 2494 c.
666 2472 683 2504 p.
697 2460 737 2494 216,

65 2517 84 2561 3)
98 2516 133 2551 cfr.
141 2520 248 2563 Iletia-inqu.
260 2517 303 2552 niet
310 2519 338 2552 die
344 2518 410 2552 Aecht-
453 2520 472 2564 9)
486 2522 579 2564 Olirqsoet.
589 2519 633 2552 horn.
642 2519 659 2552 in
666 2518 683 2551 S.
690 2517 743 2563 ignat.
751 2517 800 2553 Mart.

39 2573 75 2607 dreit
88 2574 118 2607 des
132 2575 231 2619 hisherigen
241 2575 303 2610 Textes
316 2577 346 2611 der
358 2576 410 2622 Igna·
430 2588 444 2611 c.
457 2577 473 2611 4.
486 2588 503 2621 p.
516 2577 556 2610 597.
571 2576 589 2609 Τ.
603 2576 623 2611 ΙΙ,

39 2631 135 2665 tiauischen
152 2631 216 2668 Briele.
245 2634 342 2680 Wtirzburg
359 2635 410 2669 1849.
442 2635 472 2678 10)
485 2634 503 2668 Io
513 2633 623 2684 vitalgnatii,
637 2634 681 2678 apud
690 2635 800 2681 Llrtmperum

40 2699 57 2732 p.
71 2689 87 2722 8.
294 2685 298 2690 ’
429 2694 440 2727 l.
454 2704 469 2727 c.
483 2704 500 2737 p.
513 2693 553 2726 247.

63 2745 82 2789 4)
96 2745 139 2780 Aeta
147 2746 164 2780 S.
174 2747 191 2781 S.
200 2748 218 2782 Τ,
225 2749 238 2783 1.
247 2749 299 2786 Febr.
309 2751 330 2785 ad
339 2751 384 2785 diem
394 2752 410 2786 1.
441 2751 473 2795 11}
485 2753 552 2787 Eudeb.
565 2750 607 2785 Hist.
621 2749 663 2783 eccl.
677 2748 706 2792 111,
718 2750 747 2784 22.

76 2815 120 2841 Patres
129 2820 171 2850 oport.
182 2816 207 2842 Ed.
217 2818 241 2844 1v.
643 2810 659 2851 G
