1765 2987
300 180 421 216 Banunssnn
434 182 545 220 Epistola,
564 184 607 219 Xlll.
806 187 832 228 51

77 301 121 329 oum
135 288 176 328 snis
191 289 286 341 operibus
301 289 379 342 peribit.
406 291 514 345 Propterea
530 291 660 343 resurrectio,
676 294 783 345 propterea
797 303 834 331 re-

76 358 162 399 tributio.
189 358 248 412 Rogo
265 371 313 410 vos,
329 371 437 412 proceres,
455 361 471 400 si
487 361 552 402 bonde
568 361 674 402 voluntatis
689 372 746 408 meae
763 361 834 400 consi-

75 429 122 469 lium
135 428 228 481 accipere
240 428 315 468 velitis:
332 429 409 469 turberis
423 432 536 482 vobiscum,
553 432 624 484 quibus
638 432 690 471 bene
705 430 791 480 fecistis3
808 443 834 471 ne

77 510 112 538 eos
127 498 276 550 derelinquatis.
302 499 367 551 Prope
380 500 432 539 errinr
449 505 479 540 est
493 500 542 550 dies,
559 502 577 540 in
595 513 632 553 qna
646 501 711 541 omnia
725 512 768 540 cnm
782 501 833 541 nralo

76 568 175 621 peribunt.
201 567 266 620 Prope
280 572 311 607 esi
322 568 417 608 Dominus
432 573 450 607 et
463 580 540 608 rrrerces
555 570 605 622 ejus.
631 569 694 607 Etiam
705 571 763 619 atque
776 569 834 608 etiarm

77 649 129 691 rogo
142 649 192 678 vos:
210 640 274 677 estote
288 638 344 678 vohis
357 639 404 679 honi
417 638 550 691 legislatores,
566 639 624 678 voltis
636 641 714 677 manete
728 638 836 678 consiliarii

77 707 158 758 fideles,
175 706 237 747 tollite
254 719 280 746 ex
295 708 354 748 voiris
371 720 449 748 omnem
465 707 593 760 hypocrisim.
623 706 693 746 l[teus
710 710 786 757 autem,
803 708 837 759 qni

77 776 173 817 universo
186 776 259 816 nnmdo
272 776 390 828 dominatur,
403 777 435 816 det
446 777 503 817 rolris
515 777 638 830 sapientiam,
655 776 763 825 scientiam,
776 777 837 816 inlel-

77 847 191 901 ligentiarn,
208 847 343 900 cognitionem
357 847 494 887 rnarnlatornm
506 857 600 897 snorum,
618 858 662 885 curn
678 847 837 898 perseuerantia.

77 917 193 957 Ellrciarnini
204 921 269 957 antem
282 917 334 958 docti
346 930 356 956 a
368 917 422 968 Deo,
439 917 581 969 exquirentes,
598 915 644 968 quid
657 927 667 954 a
679 915 737 955 robis
748 917 838 967 requirat

78 980 185 1037 Dorrrirrus;
208 991 227 1037 et
243 987 327 1039 ellieite,
344 992 365 1028 nt
380 987 431 1027 salui
447 987 489 1027 sitis
506 987 525 1027 in
542 987 573 1026 die
587 985 663 1039 judicii.
695 984 715 1025 Si
733 997 770 1037 qua
788 996 837 1025 vero

79 1057 143 1096 estin
160 1057 217 1097 rolris
234 1058 281 1097 boni
298 1056 422 1107 recordatio,
440 1061 562 1096 momentote
580 1056 629 1106 mei,
651 1056 701 1095 haec
717 1055 777 1095 verbu
795 1066 837 1094 nrea

78 1125 208 1177 meditantes,
224 1130 278 1166 utet
292 1127 413 1167 desiderium
429 1130 447 1166 ei
461 1126 562 1179 vigilantia
579 1138 622 1166 mea
635 1126 653 1165 in
667 1124 747 1177 aliquod
763 1124 837 1164 honum

79 1195 155 1235 evariat.
184 1196 242 1248 Rogo
256 1208 302 1247 uos,
319 1197 401 1250 gratiani
417 1196 526 1249 postulans.
556 1195 603 1236 Cum
620 1195 684 1235 adlnro
700 1195 719 1233 in
736 1194 774 1233 lroc
790 1194 838 1245 pul-

79 1264 128 1304 clno
143 1262 207 1304 2vase
220 1265 278 1315 estis,
294 1266 313 1305 in
325 1265 380 1305 nullo
392 1265 462 1305 iromrm
477 1264 613 1306 inauditorum
628 1264 717 1314 deficite,
732 1262 768 1302 sed
778 1263 839 1302 inde-

79 1334 169 1373 sinenler
191 1334 240 1373 naec
262 1335 371 1387 exquirite,
393 1339 413 1374 et
434 1334 541 1386 adimpleto
563 1346 622 1374 ornne
643 1331 765 1380 mandalunr3
789 1331 839 1371 liaeo

79 1415 166 1455 nomque
180 1402 239 1457 digna
253 1408 304 1443 sunt.
333 1404 399 1451 Quare
412 1404 536 1456 potissimum
549 1403 568 1443 id
584 1415 665 1456 operam
679 1401 730 1452 dedi,
745 1404 839 1453 qnantum

78 1474 98 1513 in
114 1486 146 1513 me
163 1472 209 1525 fuit,
226 1479 247 1514 ut
259 1474 369 1514 scriberem
384 1474 455 1525 vobis,
472 1485 512 1526 quo
529 1472 661 1513 exlrilararem
679 1483 721 1512 vos.
753 1470 840 1520 Salvete,

78 1544 112 1583 filii
128 1543 239 1583 dilectionis
256 1548 276 1582 et
290 1544 351 1597 pacis.
383 1543 480 1583 Dominus
496 1543 574 1598 gloriae
591 1548 611 1583 et
633 1543 696 1584 omnis
719 1541 840 1594 gratiaesn

78 1626 122 1653 curn
138 1613 209 1666 spiritu
222 1613 303 1654 vestro!
334 1612 404 1653 Arnen.
