1765 2987
177 132 190 169 1.
204 111 327 167 crevimus
340 133 370 167 nu
385 133 434 169 con.
448 134 504 170 xum.
517 134 580 171 mvii,
593 134 665 170 xivm.
760 140 801 181 119

39 245 161 295 poneretur,
178 247 198 282 et
213 243 366 295 demerperetui·
382 244 405 283 in
419 246 484 294 roure,
501 256 563 296 ponor
573 249 597 285 ut
606 256 669 285 unone
681 245 802 297 depectitis

42 310 93 352 noeis
109 311 273 363 scandalizaret.
304 311 391 356 Schisma
408 318 496 354 vestrum
513 315 585 355 multos
601 317 710 368 pervertit,
729 316 801 356 multos

41 383 61 422 iu
78 381 136 421 animi
152 381 296 435 dejectionem,
317 383 389 423 multos
409 383 429 423 in
450 384 606 434 vacillationem,
629 396 699 425 onmes
722 397 760 425 nos
780 387 800 426 iu

41 452 139 492 tristitiam
155 454 247 505 conjecit,
264 464 301 493 nos
319 464 388 493 onmes
404 465 498 504 moerore
515 453 590 505 affecit,
609 459 628 495 et
644 456 709 496 adhuc
726 457 799 497 seditio

40 524 109 561 vestra
124 523 219 574 persistit.

40 647 113 689 XLVII.
143 649 263 690 Discordia
278 655 349 690 uestra
364 663 437 691 noceres
450 652 514 702 pejor·
531 655 562 690 est
576 650 654 701 priori,
670 663 723 703 quae
739 652 800 692 Pauli

323 719 451 770 temporibus
469 719 517 770 sirit.

102 797 228 852 {Epistulam
250 800 303 840 beati
323 801 377 841 Pauli
393 800 487 854 Apostoli
508 801 527 841 in
548 812 617 841 manus
638 802 716 842 sumite.
748 802 799 850 Ouid

39 869 123 923 primum
138 870 197 910 volus
213 870 233 909 in
249 867 365 922 ²p1·iucipio
381 870 487 923 Evangelii
503 871 599 923 scripsit?
630 870 689 911 Certe
706 871 799 912 divinitus

39 939 146 991 inspiratus
162 935 187 980 de
203 941 283 993 seipso,
306 939 330 980 de
346 941 412 993 Cepha
429 945 449 981 et
464 940 537 993 Apollo
555 939 584 980 'ad
600 953 637 981 vos
653 942 721 981 literas
738 940 799 993 dedit,

40 1010 85 1061 quia
101 1010 159 1049 etiam
175 1013 215 1050 tum
234 1010 286 1050 inter
305 1022 343 1059 vos
363 1010 461 1051 facilenes
483 1015 502 1051 et
521 1012 605 1065 partium
625 1011 690 1051 studia
712 1010 798 1051 fueraut.

39 1079 79 1122 Sed
100 1078 160 1121 factio
180 1080 218 1120 ista
234 1077 317 1120 ³n1invs
338 1081 395 1121 vobis
418 1081 480 1122 intulit
501 1086 618 1133 peecatum,-
640 1081 797 1134 propendebatis

39 1149 91 1189 enim
107 1149 127 1189 iu
142 1149 253 1203 Apostolos
268 1150 373 1202 praeclaro
390 1151 503 1192 testimonio
519 1151 617 1202 celebres,
634 1155 653 1191 et
664 1152 684 1191 iu
695 1151 760 1191 virum
771 1152 795 1191 ab

38 1219 77 1260 illis
92 1219 202 1272 probatum.
233 1220 292 1260 Nunc
308 1232 367 1271 vero,
383 1223 422 1274 ¹qui
437 1223 488 1272 sini,
510 1221 544 1273 qui
559 1232 597 1260 nos
612 1221 757 1273 perverterint,
779 1224 798 1260 et

39 1286 208 1329 Inomiuatissinii
225 1290 298 1329 amoris
314 1289 376 1330 vestri
393 1289 476 1329 fraterni
491 1289 552 1329 decus
567 1289 707 1339 imminuerint,
724 1289 797 1328 vobis-

38 1371 83 1400 cum
104 1359 228 1412 perpendite.
260 1360 344 1413 TurpIa,
365 1359 449 1411 fratres,
470 1359 534 1412 turpia
556 1358 627 1410 valde,
651 1362 670 1398 et
690 1358 798 1398 christiana

38 1428 119 1469 vivendi
139 1430 217 1470 ratione
238 1429 320 1484 indigna
343 1429 412 1469 audire
435 1429 541 1480 debemus,
565 1428 697 1469 firmissimam
720 1428 798 1468 scilicet

39 1504 60 1539 et
75 1497 193 1552 ⁵antiquam
204 1499 351 1542 Corinthiorum
368 1499 472 1541 ecclesiam
488 1502 571 1552 propter·
587 1510 648 1539 riuum
664 1502 698 1539 aot
713 1499 797 1539 alterum

39 1567 139 1609 hominem
156 1574 225 1610 contra
241 1571 372 1623 presbyteros
388 1569 507 1610 seditionem
523 1580 611 1609 vitavere.
640 1567 664 1608 Et
675 1568 707 1608 hic
718 1568 797 1621 quidem

38 1651 108 1680 rumor·
123 1651 164 1679 non
179 1643 254 1680 tantum
270 1640 295 1680 ad
310 1651 355 1692 uos,
372 1639 408 1680 sed
419 1638 444 1679 ad
456 1651 491 1679 eos
503 1639 568 1689 etiam,
585 1639 619 1691 qui
630 1651 640 1678 a
652 1638 710 1679 uobis
722 1635 797 1678 ⁶alieui

39 1713 96 1761 suut,
112 1709 210 1759 manavit;
229 1709 266 1761 ita,
282 1714 304 1750 ut
319 1713 402 1763 propter
417 1712 505 1749 vestram
521 1709 626 1749 amentiam
644 1704 797 1761 ⁷lrIaspiremiae

38 1779 114 1821 nomini
129 1779 208 1820 Domini
223 1779 340 1832 inferantur,
358 1783 377 1819 et
392 1779 450 1820 vobis
466 1779 515 1831 ipsis
530 1778 641 1832 periculum
657 1783 744 1819 creetur.
762 1792 764 1794 ·

130 1906 214 1948 XLVIII.
244 1907 346 1953 Redeotis
362 1907 391 1948 od
404 1907 496 1960 paterni
512 1906 590 1948 cirionis
605 1907 702 1948 studium.

98 1989 218 2031 Auferamus
240 1990 302 2044 igitur
323 1990 362 2030 hcc
386 1991 490 2040 celeriter;
516 1990 600 2043 pedibus
619 1989 702 2035 Domini
725 1989 797 2031 advol-

39 2073 115 2113 vamur,
131 2064 150 2100 ei
165 2059 236 2101 uenies
252 2060 368 2114 suppliciter
379 2061 509 2113 imploremus
521 2072 573 2110 euru,
590 2063 611 2100 ui
623 2060 721 2113 propitius
733 2059 797 2102 factus

38 2132 97 2172 nobis
112 2130 261 2181 reconcilietur,
279 2135 299 2170 et
314 2131 411 2183 pristinae
426 2134 509 2170 nostrae
520 2130 608 2170 decorae
624 2126 661 2170 8et
672 2134 739 2170 castae
753 2129 797 2171 fra-

38 2195 179 2243 terni'amnris
195 2201 345 2242 conversationi
359 2212 398 2242 nos
414 2202 510 2241 restituat.
541 2199 596 2240 Haec
612 2199 664 2239 euim
683 2200 724 2239 vila
739 2204 798 2252 porta

36 2273 126 2327 Justidae
142 2275 173 2313 est
184 2271 213 2328 lad
229 2271 289 2312 vitam
305 2276 380 2326 aperta,
397 2271 448 2312 sicut
463 2270 558 2323 scriptum
574 2272 615 2309 est:
633 2264 732 2320 ⁹upeito
747 2268 798 2309 niilri

39 2423 77 2446 cum
95 2416 174 2455 tempore
191 2409 265 2444 Neronis
284 2412 356 2456 critique
375 2420 408 2444 nc·
430 2412 533 2452 Wnttnuus,
553 2407 591 2453 quia
610 2406 655 2451 apud
673 2407 726 2441 Olenii.
743 2408 796 2441 Alex.

39 2470 112 2515 quiverit
125 2468 209 2514 appellari
222 2469 302 2502 ecclesia.
321 2471 375 2503 Fuur.
428 2475 464 2511 esi,
484 2469 513 2513 qui
529 2467 574 2500 hunc
590 2467 646 2501 Iocum
662 2465 722 2499 laudat
734 2463 796 2498 Strom.

62 2529 81 2570 s)
94 2527 106 2561 1.
117 2539 132 2560 e.
146 2530 169 2562 nd
179 2539 265 2572 poponus.
287 2525 365 2560 Clemens
378 2537 408 2560 re·
427 2527 456 2570 IV,
470 2526 497 2561 tr.
510 2537 527 2570 p.
541 2524 581 2559 613.
595 2524 622 2558 cd.
635 2523 697 2557 venet.

39 2587 89 2632 spicit
101 2586 121 2619 ad
135 2584 185 2619 Rom.
198 2585 215 2627 2,
229 2585 257 2619 24.
334 2595 335 2598 ¹
450 2586 469 2629 9)
482 2585 509 2618 Ps.
523 2583 567 2625 tlt,
583 2583 610 2616 19.
624 2583 651 2616 20,
676 2581 723 2615 Haec
736 2588 753 2616 el
766 2593 796 2617 sc-

62 2645 82 2685 7]
96 2644 130 2678 Cir.
141 2637 191 2677 Rom.
204 2643 222 2686 2,
236 2644 264 2677 24.
288 2643 348 2677 ITim.
362 2644 378 2686 6,
393 2644 408 2677 l.
428 2645 496 2689 quentia
508 2644 581 2676 citantur
592 2652 601 2674 a
611 2643 664 2676 Oteno.
674 2643 724 2675 dieu,
735 2640 797 2677 Situm.

63 2702 82 2747 8]
94 2703 129 2734 Καὶ
143 2702 252 2735 inserendum
266 2713 311 2746 esse,
325 2703 409 2736 existimat
426 2702 439 2745 1,
453 2702 469 2734 7.
483 2713 500 2746 p.
514 2699 553 2735 338.
567 2699 606 2733 339.
620 2698 647 2732 ed,
660 2698 723 2733 chei.
