1789 2987
93 210 138 254 404
227 207 319 244 HERIIAE
332 206 423 243 PASTOR.
448 207 513 243 LIBER
525 208 553 244 III.
577 206 660 243 SIIIILIT.
673 207 716 244 VIII.

94 331 172 374 suoque
188 317 259 361 ordIne
275 321 378 359 steterunt.
411 315 507 359 Gaudium
528 322 592 360 autem
615 329 641 358 ex
660 316 691 357 his
709 317 799 372 percepit
819 317 851 359 hic

92 394 167 446 pastor,
184 389 238 444 quod
249 401 318 430 omues
330 388 403 442 politae
414 392 489 441 essent,
503 393 523 430 et
534 389 675 443 deposuissent
687 388 786 429 scissuras
797 400 850 431 suas.

92 460 171 501 Deinde
187 462 334 514 porrexerunt,
350 458 383 512 qui
400 454 498 499 dimidiam
514 460 609 511 viridem,
626 462 645 499 et
661 458 759 499 dimidiam
776 459 850 500 aridam

92 532 214 581 habueraut3
231 529 362 583 quorumdam
378 540 427 568 vero
438 528 532 569 iuventae
543 534 589 570 sunt
600 533 653 570 totae
668 529 749 581 virides,
766 530 850 570 aliorum

93 601 223 652 semiaridae,
245 600 328 640 aliorum
349 598 424 640 uirides
446 602 466 638 et
485 600 590 652 pampinos
609 599 710 639 habentes.
741 599 765 640 Hi
781 611 850 641 omnes

93 671 169 712 dimissi
185 675 237 722 sunt,
253 669 392 722 unusquisque
403 669 422 709 in
434 680 491 709 suum
503 668 599 710 ordinem.
627 669 759 710 Tradiderunt
771 670 850 723 deiude,

93 742 126 795 qui
142 741 252 782 habuerant
268 739 317 780 duas
333 744 400 792 partes
415 739 517 793 uirgarum
534 752 614 780 suarum
630 739 717 792 virides,
732 741 850 793 tertiamque

93 813 180 862 aridam3
203 810 259 851 multi
280 822 307 850 ex
329 810 358 850 eis
379 809 453 850 virides
477 815 624 862 porrexerunt,
648 811 703 851 multi
727 810 850 863 semiaridas,

93 884 168 923 caeteri
184 894 234 921 vero
251 881 316 921 aridas
333 885 353 920 et
368 892 408 921 non
424 879 519 932 putridas.
549 880 573 920 Hi
591 892 660 921 omnes
676 881 751 921 dimissi
767 885 813 921 suut
830 881 850 921 in

92 964 149 992 suum
166 951 250 1009 quisque
267 950 363 991 ordinem.
395 949 471 989 Deinde
486 950 628 1003 porrigebant,
640 951 683 1012 *qui
704 951 814 991 habuerant
829 950 849 991 in

92 1022 155 1075 virgiS
171 1021 212 1061 suis
229 1020 278 1061 duas
293 1024 360 1073 partes
371 1019 449 1070 aridas·
459 1020 578 1071 tertiamque
589 1019 672 1060 viridem
679 1033 685 1070 3
702 1020 756 1060 muiti
768 1032 849 1073 quoque

93 1104 119 1132 ex
135 1092 164 1131 eis
180 1095 315 1144 porrexerunt
325 1088 456 1141 semiermes,
473 1089 551 1141 quidam
567 1102 617 1131 vero
630 1089 698 1140 aridas
718 1094 738 1130 et
752 1091 850 1143 putridas,

92 1162 124 1202 aiii
140 1165 205 1202 autem
222 1160 339 1202 semiaridas
355 1164 375 1200 et
390 1159 488 1200 scissuras
503 1159 611 1211 habentes,
627 1160 684 1213 pauci
701 1172 750 1201 vero
767 1159 848 1202 virides.

91 1232 116 1272 Hi
137 1232 197 1285 igitur
219 1242 288 1271 omnes
308 1230 441 1270 constiterunt
461 1229 481 1268 in
501 1240 538 1270 suo
559 1230 643 1282 quisque
664 1230 740 1271 ordine.
771 1231 849 1272 Deinde

55 1348 57 1350 ,
91 1306 234 1356 perrexeruut,
249 1301 282 1354 qui
298 1299 376 1341 tertium
387 1299 498 1340 habuerant
508 1298 578 1351 viride,
594 1299 693 1352 reliquum
705 1313 755 1342 vero
766 1300 848 1360 aridum

92 1373 167 1413 Horum
183 1372 253 1425 virgae
269 1371 341 1424 majori
357 1374 450 1422 exparte
461 1369 553 1410 inuentae
564 1374 610 1411 sunt
625 1370 706 1423 virideS,
722 1371 849 1412 ramusculos

92 1443 196 1493 hahentes,
213 1446 233 1482 et
248 1442 268 1481 iu
285 1442 314 1481 eis
329 1440 446 1481 ramusculis
459 1439 543 1480 fructum
548 1453 554 1489 3
571 1444 590 1480 et
601 1440 690 1493 reliquae
701 1440 776 1482 uirides
787 1445 848 1482 totae.

92 1512 124 1552 Ex
139 1512 169 1552 his
185 1511 248 1565 uirgis
264 1510 357 1565 gaudium
373 1510 503 1551 vehementer
516 1510 606 1562 percepit
620 1514 689 1563 pastor·
702 1511 741 1563 iile,
758 1512 803 1564 quia
819 1511 849 1552 sic

92 1583 197 1622 inuenerat
213 1593 253 1621 eas.
284 1581 382 1621 Abierunt
398 1584 417 1619 et
432 1570 460 1619 iIli
475 1579 495 1619 in
512 1579 593 1621 ordines
608 1592 663 1621 suos.

151 1651 181 1691 VI.
207 1651 313 1703 Postquam
324 1654 389 1691 autem
401 1650 487 1691 omnium
499 1650 566 1704 virgas
578 1650 734 1702 considerasset,
750 1650 777 1690 ait
791 1650 850 1690 nini:

95 1722 217 1775 ¹,dixcram
239 1722 284 1773 tibi,
307 1722 398 1762 arhorem
419 1720 471 1761 hanc
492 1720 577 1774 diligere
597 1721 662 1762 vitam.
699 1720 772 1773 Vides,
797 1719 850 1773 quod

92 1792 148 1832 multi
164 1795 250 1846 egerunt
265 1791 415 1844 poenitentiam,
431 1794 451 1830 et
461 1792 547 1831 assecuti
558 1795 604 1831 sunt
614 1791 718 1832 salutenr.“
751 1790 849 1843 ,Video,“

93 1863 180 1915 inquam,
198 1861 311 1914 ,domine.“
345 1861 382 1914 ,Ut
393 1860 465 1912 scias,“
478 1861 547 1913 inquit,
565 1861 685 1913 ,bonitatem
697 1865 716 1902 et
727 1861 851 1902 clementiam

92 1932 172 1972 Domini
187 1943 278 1985 magnam
296 1935 315 1970 et
330 1930 466 1971 honorandam
483 1943 535 1982 esse,
552 1932 585 1983 qui
601 1930 655 1971 dedit
666 1931 756 1984 spiritum
770 1932 800 1983 iis,
817 1931 851 1983 qui

93 2002 147 2056 digni
163 2005 220 2042 erant
231 2013 294 2054 agere
305 2000 467 2054 poenitentiarn.“
498 2000 523 2041 Et
534 2000 584 2040 dixi:
601 2013 677 2053 „quare
689 2012 746 2054 ergo,
763 2001 850 2053 domiue,

93 2084 133 2112 non
147 2084 217 2113 omnes
229 2075 316 2126 egerunt
326 2070 499 2123 poenitentiam?“
526 2069 559 2110 Ait
571 2071 628 2110 mihi:
641 2068 650 2093 ²
661 2083 761 2123 „quorum
772 2071 851 2112 uiderat

92 2141 189 2181 Dominus
205 2154 265 2194 puras
281 2146 358 2181 mentes
374 2140 464 2192 futuras,
484 2144 503 2180 et
519 2140 631 2180 servituros
649 2141 667 2180 ei
683 2153 709 2180 ex
725 2141 771 2181 totis
787 2153 850 2193 prae-

93 2209 177 2260 cordiis,
194 2210 232 2250 iliis
247 2210 315 2249 tribuit
329 2209 478 2261 poenitentiam.
510 2210 537 2250 At
552 2220 637 2261 quorum
653 2209 732 2262 aspexit
748 2209 814 2250 dolum
830 2214 850 2249 et

91 2280 201 2332 nequitias,
218 2283 238 2327 et
253 2278 403 2329 animadvertit,
425 2279 449 2319 ad
465 2291 487 2319 se
497 2278 600 2318 *fallaciter
615 2290 749 2330 reversuros,
768 2278 851 2332 negavit

115 2369 133 2412 1)
147 2368 181 2404 cfr.
194 2381 245 2414 supra
259 2381 273 2403 c,
287 2369 303 2401 2.
317 2379 333 2412 p.
343 2368 383 2401 401.
396 2374 432 2402 not.
445 2369 462 2403 4.
481 2371 546 2414 gratiae
558 2380 599 2402 suae
612 2370 724 2402 assentientes
740 2380 770 2403 seu
783 2380 849 2414 coope-

114 2428 134 2472 2]
152 2427 185 2462 cfr.
203 2428 256 2462 Simil.
273 2428 304 2471 IX,
316 2425 355 2459 >332
376 2439 463 2472 quumque
480 2432 537 2460 rantes
550 2428 667 2470 praesciverit.
693 2426 726 2461 Cir.
739 2429 791 2473 lttip,
810 2428 821 2461 I.
835 2439 849 2461 c.

90 2488 167 2521 vidisset
180 2488 268 2521 Doctrinae
283 2489 345 2520 borram
359 2491 410 2529 atqcue
423 2498 461 2530 pu-
480 2496 496 2527 p.
508 2484 546 2517 171.
565 2487 666 2529 urmzecuer,
681 2484 740 2518 Lehrb.
751 2485 766 2518 d.
775 2485 849 2529 Dogm-

89 2556 130 2577 runu
147 2546 271 2587 pocrritcutiam
284 2555 355 2582 cerain,
375 2549 391 2577 et
407 2554 462 2588 poree
481 2541 562 2575 Gesch.I.
576 2541 635 2586 pate
649 2547 666 2575 et
679 2542 718 2576 368.
741 2544 848 2587 Jecurnaan,

90 2613 121 2636 ceu
133 2604 153 2635 iu
166 2613 186 2636 cu
197 2613 311 2647 perimam,
326 2603 461 2645 percuttere-iura
479 2599 490 2633 l.
503 2611 518 2635 c,
536 2612 552 2645 p.
566 2600 593 2634 76.
621 2599 710 2633 Theoriam
732 2600 753 2633 de
773 2603 851 2636 scientia

88 2666 161 2703 peccata
178 2672 240 2694 eorum
257 2662 316 2694 deleri.
342 2659 413 2692 Hermas
428 2659 461 2692 do·
479 2660 536 2693 rrecdie
555 2659 599 2692 hunc
611 2659 668 2692 Iocum
680 2658 735 2691 sancti
747 2657 820 2692 Hermae
832 2658 850 2690 in

91 2721 128 2758 cet,
142 2716 230 2750 arbitrium
243 2716 316 2750 hominis
329 2727 368 2750 esse
381 2716 460 2759 liberum,
479 2726 519 2749 suos
538 2727 578 2750 usus
597 2721 698 2750 convertere
719 2726 770 2760 posse
791 2720 850 2749 monet

90 2773 180 2819 Deumque
201 2785 231 2809 eos
252 2775 393 2819 praedestinare,
418 2785 460 2820 quos
479 2777 584 2821 Miiuacirer,
602 2773 668 2809 Haudb.
683 2773 698 2807 d.
711 2773 849 2819 Dogm-Gesch.
