1765 2987
179 195 272 231 IIERIIAE
284 193 376 230 PASTOR.
401 195 466 231 LIBER
478 196 499 232 11.
523 195 622 232 bIANDAT.
636 194 678 231 uui.
766 196 807 240 361

51 304 127 354 τελιῦν,
156 301 263 353 πλσδτοο,
293 299 420 358 καυχήσεως,
439 303 571 357 emendabit),
583 305 734 357 adetraetione,
748 315 809 345 ane-

50 367 232 431 ῖψηλοφροσίνης
253 366 287 413 καὶ
308 365 420 429 δπερηφα-
439 374 499 427 quitia
510 374 561 427 fieta,
579 375 741 416 areeerdatione
752 375 809 429 inju-

51 441 101 493 νίας,
117 439 151 482 καί
162 434 265 498 ψεύδους,
281 439 317 483 καί
327 442 420 483 καταλα-
438 444 480 484 riae
489 443 681 496 etaiamapessima.
693 444 747 485 Haec
756 444 808 485 enirn

51 513 105 565 λιιῖς,
120 509 154 554 καί
170 506 310 569 ὑποκρίσεως,
326 509 360 554 καί
370 527 421 569 μινν-
439 516 485 555 sunt
495 525 557 567 opera
569 513 700 567 iniquitatum,
714 515 808 567 aquibus

51 580 159 632 σπανίας,
180 578 215 621 καὶ
234 575 306 638 παίσας
321 581 420 638 βλασφα-
439 583 808 635 abstinereoportetservumDei.Qui

50 651 106 711 μίας.
141 654 215 694 Ταῦτα
229 647 257 693 τα
272 646 323 707 ἔργα
338 644 421 708 πονηροί
440 652 491 692 enin
503 652 526 693 ab
537 652 562 693 iis
572 652 673 693 abstinere
684 665 725 694 non
735 656 808 706 potest,

51 723 97 767 ἐστι
113 725 143 778 τῇ
163 719 208 777 ζωῇ
229 721 271 762 τιῦν
293 718 421 778 ιῖνδριίπων.
440 720 510 761 vivere
525 721 569 761 Deo
590 734 631 762 uon
653 726 725 774 petest.
756 722 810 762 Audi

55 785 139 837 Τούτων
154 781 190 833 οὖν
205 789 247 831 ταῖν
262 785 329 847 ἔργων
344 789 379 833 δεῖ
388 788 421 846 ἐγ-
439 801 499 842 nune,
510 789 579 842 inquit,
591 793 610 830 et
619 791 723 843 sequentia
733 803 809 832 eorum.

51 855 194 921 αρατεδεσδαι
220 857 257 903 τδν
282 859 359 903 δοῦλον
383 863 423 902 τοῦ
439 861 464 903 Et
480 861 560 915 quiden]
576 862 636 903 muita
651 866 697 904 sunt
711 864 810 916 adbuc,a

36 935 115 977 ’Θεοιῖ
145 923 167 974 Ὁ
182 931 223 989 γαρ
244 927 274 988 μὴ
296 923 421 989 ἐγκρατεοδ-
441 932 512 984 quibus
533 932 634 973 abstinere
655 931 715 974 debet
737 946 810 975 servus

51 1017 113 1058 μενος
128 995 209 1044 τούτων
225 999 250 1044 οδ
262 995 348 1043 δύναται
358 999 422 1057 ζῆσαι
439 1002 489 1043 Dei:
505 1001 586 1054 astute,
603 1002 627 1043 ab
639 1003 782 1058 abnegatione,
799 1017 810 1046 a

52 1076 83 1129 τῷ
95 1071 149 1127 Θεῷ.
167 1065 245 1114 ’Ἀκοοε
256 1069 324 1113 δὲκαὶ
334 1069 362 1113 nd
372 1065 422 1113 dud.
439 1071 490 1112 falso
506 1074 632 1125 testimeniq'
644 1085 655 1113 a
666 1073 782 1126 cupiditate,
798 1087 810 1115 a

24 1150 25 1153 ’
52 1143 123 1186 tonan
144 1135 231 1184 τούτων.
248 1167 276 1171 -
291 1139 336 1183 Καί
351 1135 421 1183 πολλοί
439 1142 539 1196 superbia,
557 1147 577 1183 et
592 1155 732 1196 quaecumque
744 1143 768 1185 iis
779 1145 810 1185 si-

51 1210 113 1263 εἰσιν,
134 1206 174 1271 σφ’
195 1204 223 1254 ὧν
240 1212 275 1254 δεῖ
289 1207 327 1255 τδν
343 1211 421 1254 δοῦλον
440 1213 492 1253 milia
511 1217 562 1253 sunt.
593 1214 691 1255 Videntur
707 1227 758 1269 enge
774 1214 810 1256 tibi

52 1282 91 1326 τοῦ
99 1282 156 1325 Θεοῦ
164 1277 422 1340 ἐγνωστεδεσθαιαλοπι),
440 1282 490 1322 haec
511 1281 560 1323 maia
582 1294 640 1335 esse,
662 1296 687 1324 an
707 1285 765 1325 nnn?
781 1308 810 1314 —

52 1353 145 1412 ψεῦδος,
166 1347 323 1411 ιῖποστὲρησις,
342 1351 423 1409 qnando-
440 1351 537 1405 Equidem
558 1352 616 1393 valde
634 1353 685 1395 mala
700 1358 747 1395 sunt
762 1343 823 1395 ser->

52 1420 165 1481 μαρτυρία,
173 1421 293 1475 πλεονεξία,
304 1416 423 1474 ἀλαζονεία,
441 1423 471 1462 vis
482 1422 525 1462 Dei.
542 1446 569 1452 —
586 1422 617 1463 Ab
633 1423 663 1464 his
681 1436 731 1478 enge
743 1425 811 1465 ninni-

51 1494 87 1537 καί
102 1489 143 1537 ὅσα
153 1487 241 1541 τούτοις
252 1486 323 1546 ὅμοια.
349 1489 377 1533 Εἰ
387 1483 424 1533 οὖν
441 1492 478 1532 bus
495 1491 554 1532 debet
570 1493 672 1534 abstinere
684 1506 756 1534 servus
767 1494 810 1535 Dei.

52 1565 109 1609 δοκεῖ
125 1577 161 1606 σοι
176 1560 260 1620 πονηροί
277 1555 329 1604 εἶναι
344 1560 423 1613 ταῦτα,·
441 1560 525 1602 Abstine
547 1550 596 1617 enge
618 1564 641 1604 ab
664 1564 756 1604 omuibus
773 1564 811 1616 hIs‚
839 1599 840 1602 ,

53 1660 81 1665 —-
91 1632 136 1677 Καὶ
151 1631 198 1675 λίαν
214 1630 298 1690 πονηροὶ
311 1631 358 1681 τοῖς
374 1624 422 1673 aod-
441 1635 462 1671 ut
477 1632 533 1672 vivas
549 1632 599 1685 Deo,
620 1637 639 1673 et
654 1634 749 1674 scribaris
766 1643 810 1675 enm

51 1704 97 1753 λοις
113 1703 152 1746 τοῦ
165 1695 423 1760 Θεοῦ.-Ἐγκοιίτεοσαι
441 1701 590 1742 abstinentibus.
622 1702 640 1743 A
663 1703 734 1755 quibus
759 1705 809 1758 engo

52 1770 89 1817 οὖν
104 1770 150 1816 α’πδ
164 1772 254 1824 παντων,
270 1768 305 1815 ἵνα
315 1767 380 1830 ζήσῃς
391 1772 423 1828 τῷ
442 1772 517 1812 debeas
533 1773 640 1824 abstinere,
659 1773 692 1813 ilta
708 1778 761 1814 sunt.
792 1774 811 1815 A

54 1844 109 1899 Θεῷ,
124 1843 160 1885 καί
175 1836 297 1901 ἐνγραφὴσῃ
312 1839 366 1898 need
381 1846 422 1884 ταῖν
441 1842 513 1895 quibus
530 1846 647 1884 autemnon
659 1843 811 1885 debeasabsti-

52 1910 240 1973 a’ynqcnanena'unn.
258 1911 284 1953 “A
293 1912 331 1967 μὲν
343 1906 380 1956 οὖν
391 1913 424 1955 δεῖ
441 1925 498 1965 nere,
514 1912 565 1952 audi.
596 1913 627 1953 Ab
645 1915 736 1955 omnibns
752 1915 810 1955 bonis

51 1978 228 2042 ἕνκρατείιεσδαι,
259 1977 329 2025 ταῦτα
359 1982 422 2026 ἐστιν,
442 1983 536 2035 operibus
563 1982 604 2023 noii
630 1983 743 2035 abstinere,
773 1983 810 2025 sed

35 2044 38 2047 ’
52 2048 82 2097 “A
94 2052 118 2097 δὲ
131 2054 166 2096 δεῖ
180 2066 204 2095 σε
213 2049 241 2111 μή
252 2049 422 2111 ἐγκρατεδεσθαι,
442 2052 473 2093 iau
489 2052 528 2092 illa.
553 2051 613 2105 Audi,
630 2053 700 2106 inquit,
718 2055 811 2095 uirtutem

52 2118 106 2167 ἄλλα
131 2125 214 2175 ποιεῖν,
240 2117 311 2165 ἄκουε·
336 2118 423 2166 πάντων
441 2123 540 2163 bonorum
557 2135 652 2176 operum,
668 2136 719 2177 quae
736 2123 811 2165 debeas

52 2195 141 2252 πρῶτον
156 2192 239 2245 πίστις,
258 2188 329 2252 φόβος
343 2191 422 2251 κυρίου,
442 2193 534 2246 operari,
554 2197 575 2233 ut
590 2193 659 2235 salvus
676 2206 723 2235 esse
738 2196 811 2248 possis.

52 2258 149 2317 ὁμόνοια,
160 2258 239 2320 οἷγοίπη,
249 2257 332 2321 ῥήματα
340 2264 421 2307 δικαισ-
441 2267 527 2307 Priinnun
548 2268 635 2307 emnium
652 2271 683 2307 est
697 2267 761 2320 fides‚
782 2269 810 2308 ti-

52 2324 119 2392 σίνη,
136 2328 233 2392 οἷλήδεια,
248 2329 357 2392 δπομονήῑ
373 2327 423 2377 τοί-
441 2349 485 2378 mni·
501 2336 590 2389 Domini,
607 2337 704 2388 charitas,
721 2349 810 2378 conuen-

52 2419 94 2446 των
117 2399 257 2462 οἷναδιίτερον
281 2402 343 2447 οὐδὲν
367 2403 423 2448 ἐστιν
442 2407 480 2460 δῖε,
496 2408 593 2460 aequitas,
610 2407 690 2458 veritas,
707 2406 810 2459 patientia,

52 2469 422 2533 ε’ντῇζωῇτῶνοῖνδροίπωνπαῦτα
442 2478 528 2517 castitas.
552 2476 578 2517 iis
593 2476 641 2517 nihii
657 2480 688 2517 est
702 2476 773 2517 inelius
790 2477 809 2517 in

52 2542 88 2587 ἐάν
107 2559 140 2594 τις
160 2543 274 2602 φυλάσσει,
293 2542 328 2587 καὶ
341 2540 372 2601 ,αὴ
388 2543 421 2601 ἐγ·
440 2547 480 2588 vita
496 2546 602 2598 henninuiq
621 2547 655 2598 qui
671 2545 722 2587 haee
738 2551 810 2589 custo-

51 2610 175 2672 κρατεδεται
186 2608 308 2666 οίπάδτιῦν,
319 2613 422 2671 μακάριός
441 2616 513 2657 dierint
534 2620 553 2655 et
574 2614 659 2657 fecerint
674 2617 695 2657 in
711 2617 751 2658 vita
767 2629 810 2660 sua.

52 2682 110 2727 ἐστιν
128 2683 149 2728 ἐν
163 2684 191 2742 τῇ
206 2683 251 2741 ζωῇ
265 2683 336 2728 αὐτοῦ.
366 2680 421 2728 Εἶτα
440 2685 517 2727 Deinde
538 2684 608 2727 herum
630 2688 735 2741 sequentia
756 2688 809 2731 audi.

53 2751 133 2797 τούτων
158 2750 186 2799 τδ
212 2748 322 2799 auitoque
346 2754 421 2799 dnove-
