1765 2987
97 165 114 202 S.
127 164 225 211 tunnam]
391 164 562 202 Pnotnconuna.
799 169 859 206 LXVII

155 272 194 313 VH.
225 272 278 314 lllale
298 273 357 314 etiam
380 272 404 313 de
424 273 544 326 teramnae
565 274 780 330 epistolarumlgnatii
798 276 856 317 dultia

95 347 147 383 mota
168 346 212 383 sunt
226 341 252 398 Ι),
282 343 401 383 Praesertim
423 345 487 385 omnia
510 344 535 384 de
557 346 673 398 episcopatu
696 349 716 386 et
738 345 763 386 de
783 345 856 387 deitate

95 411 167 453 Christi
183 411 241 453 effata
257 413 395 471 interpolatori
411 426 421 454 a
438 414 556 467 quiliusdam
575 416 693 456 tribuuntur.
725 415 766 458 Sed
834 449 835 452 η

127 480 151 538 a)
167 483 242 524 nullum
259 487 363 525 externam
379 484 538 537 interpolationis
555 485 612 526 adest
628 486 727 527 indicium.

123 550 148 607 b]
164 552 213 593 Loci
234 566 245 594 a
266 554 368 594 veteribus
388 553 461 595 laudati
485 556 528 609 pari
550 556 610 596 modo
633 557 653 596 in
675 556 764 598 breviori
785 562 854 599 nestra

167 624 289 665 recensione
305 624 405 679 leguntur.
437 624 476 665 cn.
492 637 553 679 supra
568 638 587 678 p.
603 624 635 666 LII
646 636 695 679 ¹sqq.

125 691 149 749 c)
164 695 247 735 Arctior
269 696 364 737 matenae
388 700 408 736 et
430 696 527 738 orationis
548 708 614 737 nexus
639 708 719 738 onrnem
741 696 853 751 interpola-

133 821 135 825 ·
166 765 225 807 tionis
241 766 376 819 suspicionem
394 766 456 817 tollit;
478 766 536 808 effata
553 766 604 807 enim
620 766 652 807 illa
669 765 792 819 displicentia
809 769 854 808 sine

166 838 226 877 totius
242 836 341 879 sermonis
357 838 433 892 pariter
451 849 475 879 ac
490 848 563 879 sensus
585 836 721 879 devastatione
738 837 797 879 evelli
812 849 853 879 non

164 912 261 962 possunt.
714 955 716 957 ,

122 976 147 1034 d)
163 978 271 1020 Praeterea
287 979 371 1020 eandem
388 979 434 1034 styli
449 979 547 1021 rationem
563 991 608 1020 cum
628 979 648 1020 in
669 979 790 1033 repudiatis,
812 983 851 1021 tum

164 1049 183 1090 in
200 1050 314 1103 approbatis
330 1049 457 1104 epistolarum
473 1050 562 1103 partibus
578 1050 676 1091 invenies.

122 1117 147 1174 e)
164 1119 221 1168 Quod
238 1132 254 1160 c.
271 1118 290 1161 8.
306 1120 343 1174 Ep.
360 1120 384 1161 ad
400 1120 466 1174 llagn.
482 1119 547 1176 Σιγῆς
562 1120 613 1161 sacta
630 1121 655 1161 sit
676 1120 763 1172 mentio,
785 1120 851 1161 inter·-

163 1190 269 1243 polationis
285 1203 326 1232 non
342 1191 425 1244 praebet
440 1190 544 1242 indicium,
566 1194 586 1231 ut
602 1190 622 1230 in
637 1190 690 1231 noIIs
706 1191 730 1231 ad
747 1191 764 1232 h.
781 1192 793 1232 l.
811 1191 850 1232 de-

163 1261 317 1302 monstravimus
332 1260 383 1302 intra
399 1273 417 1314 p.
436 1258 478 1301 178
492 1260 538 1301 Not.
555 1258 574 1301 8.

125 1327 146 1383 f)
161 1329 267 1371 Polemicis
283 1334 357 1372 tantum
373 1331 438 1372 causis
455 1329 509 1371 ducti
524 1330 616 1370 nonnulli
631 1330 669 1371 viri
691 1330 744 1371 docti
763 1331 850 1386 integri-¹

162 1405 222 1442 tatem
238 1402 367 1456 epistolarum
382 1405 496 1443 nostrarum
513 1401 532 1441 in
548 1400 628 1441 dubium
644 1404 743 1442 vocarunt
762 1400 781 1455 ).

119 1468 146 1526 g]
162 1470 200 1521 em
217 1473 345 1527 episcopatus
361 1484 421 1514 causa
438 1470 532 1524 epistolas
551 1475 630 1512 nostras
650 1471 780 1524 interpolatas
803 1484 849 1514 esse

161 1547 236 1595 putant,
253 1544 308 1585 nullo
324 1542 384 1584 modo
398 1542 496 1583 rationem
507 1542 594 1582 reddere
605 1547 696 1595 possunt,
713 1554 748 1583 cur
764 1544 849 1597 epistola

161 1613 184 1653 ad
195 1614 301 1655 Romanos
313 1614 356 1655 sola
372 1614 396 1654 ab
407 1612 552 1666 interpolatore
563 1611 675 1653 nenfuerit
686 1611 772 1668 foedata,
789 1626 848 1666 quum

159 1694 198 1725 sex
213 1685 295 1737 reliquis
311 1683 381 1737 impias
403 1684 446 1737 eJ'us
468 1696 538 1724 manns
559 1696 600 1725 non
620 1685 738 1737 pepercisse
758 1684 847 1726 credant.

160 1752 199 1794 cfr.
215 1754 304 1806 Italam,
320 1753 416 1795 Athenas.
433 1753 454 1793 T.
470 1753 483 1793 Ι.
499 1766 518 1806 p.
537 1752 569 1795 t8.

144 1824 169 1865 Ut
183 1824 241 1865 brevi
257 1825 326 1876 dicam,
342 1824 502 1877 interpolatioms
518 1824 606 1879 suspicio
618 1836 643 1864 ne
654 1824 754 1865 minimum
767 1825 846 1878 quidem

84 1896 158 1936 mereri
175 1896 290 1948 applausum
306 1894 395 1946 videtur,
410 1894 511 1948 planeque
526 1906 645 1948 persuasum
661 1894 708 1934 milri
724 1900 764 1946 est,
786 1895 846 1935 talem

82 1966 152 2020 judicii
173 1966 330 2006 mediocritatem
350 1976 391 2006 non
412 1977 493 2006 auream
512 1977 564 2006 esse.
595 1964 697 2019 Epistolae
712 1964 783 2019 Ignatii
800 1966 845 2018 sint,

83 2040 105 2078 ut
120 2040 172 2088 sunt,
189 2040 222 2077 ant
237 2048 278 2077 non
294 2037 333 2077 sint
344 2033 372 2090 ³).

142 2107 189 2148 vttt.
205 2106 339 2161 Epistolarum
347 2109 418 2146 auctor
427 2105 496 2159 graeci
507 2106 606 2147 sermonis
615 2118 655 2147 nou
665 2105 753 2159 apprime
763 2117 845 2160 gnarus,

83 2183 103 2220 et
119 2178 208 2219 ardentis
224 2178 290 2231 potius
306 2176 365 2217 animi
379 2177 471 2230 impetus,
487 2188 545 2230 quam
559 2176 700 2230 grammaticae
712 2176 794 2230 regulas
808 2189 844 2217 se-

83 2247 146 2302 cutus,
162 2247 293 2302 periodorum
304 2251 423 2288 structuram
434 2259 475 2288 non
486 2245 548 2288 semel
559 2246 647 2299 violavit,
660 2247 756 2288 orationis
769 2259 844 2288 nerum

106 2402 124 2445 l]
138 2400 158 2437 E.
167 2402 307 2446 audemaro,
318 2398 451 2443 Ilirchengesch.
471 2402 531 2443 putant
555 2399 636 2432 versione
657 2398 739 2442 Syriaca,
764 2409 774 2432 a
795 2399 838 2433 duat

81 2459 100 2493 T.
109 2460 122 2494 l.
134 2472 152 2504 p.
162 2459 207 2493 llll]
220 2464 238 2493 et
247 2470 257 2492 a
265 2459 328 2494 Natzin
336 2457 353 2491 in
363 2459 451 2501 Iltlrnmrn,
473 2459 551 2493 Curaten
564 2457 615 2490 edita.

81 2517 152 2551 Studien
165 2518 199 2551 und
212 2517 253 2551 ttric.
265 2515 322 2549 1835.
338 2526 355 2560 p.
368 2515 400 2549 881
415 2528 451 2562 sqq.
494 2514 512 2555 2)
527 2514 603 2557 eleuter,
617 2514 679 2548 Patrol.
689 2512 706 2548 T.
716 2514 728 2547 Ι,
737 2526 754 2559 p.
765 2514 797 2547 125
805 2525 841 2559 sqq.

81 2573 112 2614 Qut
125 2574 215 2609 brentores
228 2585 297 2620 quoque
310 2573 327 2608 S.
338 2574 399 2619 Ignatii
412 2576 451 2619 epi·
494 2572 513 2614 3)
527 2572 594 2617 Optime
605 2574 721 2617 intem-itatem
733 2571 792 2606 harum
803 2574 842 2617 epi-

80 2631 133 2666 stolas
146 2633 258 2677 interpolates
270 2637 341 2676 putant,
355 2634 451 2667 novissimis
469 2630 551 2664 stolarum
565 2631 642 2665 defendit
654 2633 783 2673 narrantem,
801 2630 812 2664 l.
826 2642 841 2664 c.

80 2689 140 2724 diebus
165 2690 287 2724 ralidissimum
315 2691 451 2737 interpolationis
469 2700 485 2734 p.
499 2688 521 2722 80
533 2700 570 2735 sqq.

80 2747 163 2792 ejusmodi
186 2749 300 2783 testimonium
322 2759 341 2784 se
361 2755 450 2784 assecutos
