1789 2987
76 146 127 182 uem
371 143 539 180 ruounoouuua.
739 129 835 190 [rusro'a

77 254 162 296 Hermae
183 254 293 294 convenire
314 253 394 293 omniuo
416 252 451 293 vix
471 257 544 307 potest.
575 252 682 294 Pervoloto
703 264 775 306 nempe
794 252 834 294 boc

76 326 136 376 libro,
153 324 204 364 haud
222 324 302 371 difficile
318 323 426 377 perspiciet
442 325 591 379 unusquisque,
609 328 712 364 auctorem
728 323 780 364 inter
796 324 834 365 alia

76 406 101 434 eo
117 393 202 433 maxime
218 394 312 435 retulisse
327 406 363 434 sua
379 393 475 445 consilia,
495 399 517 435 ut
537 396 556 436 in
576 394 726 445 controversia,
748 394 833 447 primum

75 463 144 504 seculo
161 463 252 504 seeundo
269 468 312 505 orta
326 462 356 517 ¹),
373 466 457 514 statuat,
479 464 528 517 ipsis
544 466 671 519 gravioribus
686 465 833 517 peecatoribus,

75 536 94 572 et
110 533 200 573 moechis
216 537 235 572 et
251 534 359 587 apostatis,
377 536 455 573 restare
471 536 623 587 poenitentiam,
643 534 732 588 quamvis
748 535 832 575 unicam.

74 600 145 641 Mirum
161 614 211 642 sane
227 603 316 656 videtur,
338 603 390 656 quod
407 606 446 642 tam
461 615 530 656 parum
546 605 571 644 ad
587 606 625 646 boc
641 605 756 656 consitium,
778 603 833 656 quod

75 671 129 712 clare
144 672 211 725 prodit
227 678 307 724 auctor,
324 672 470 723 attendebatur,
490 687 527 726 qua
544 675 686 715 observatione
702 675 760 726 duce,
777 679 832 715 aetas

75 743 180 795 scriptoris
202 743 361 794 determinanda,
382 742 435 783 nulla
455 743 567 784 laborasset
589 744 712 784 dttfieuttme.
743 744 774 784 Ex
789 744 833 798 ipsa

74 825 136 866 porro
152 813 230 854 ratione
247 817 266 853 et
281 813 404 854 institutione
425 813 484 867 buius
504 813 549 854 libri
567 814 587 854 iu
604 817 695 868 promptu
713 825 759 854 esse
774 813 832 854 nobis

74 884 161 935 videtur,
177 889 279 925 auctorem
295 882 541 939 Pastorisllontanum2)
558 885 642 938 ejusque
659 884 746 924 asseclas
762 887 832 936 petere

74 954 182 1008 cogitasse.
205 953 300 996 llootano
313 955 370 1005 enim,
385 967 469 995 unacum
481 956 574 996 sociabus
585 957 626 996 suis
637 955 724 996 Pulseilla
736 958 755 994 et
766 954 832 995 blaxi-

40 1030 43 1033 '
73 1023 131 1074 milla,
146 1023 217 1064 divinis
228 1025 384 1065 revelationibus
395 1025 531 1078 gloriantium,
546 1026 623 1077 quibus,
636 1025 717 1077 quaein
729 1024 831 1078 disciplina

73 1092 179 1134 christiana
200 1095 285 1134 mraxime
304 1093 436 1134 desideranda
452 1082 554 1145 venirent,
577 1094 740 1146 instituebantur,
761 1100 831 1135 auctor

72 1169 141 1205 noster
153 1165 201 1205 alias
211 1165 347 1205 revelationes
358 1164 451 1205 divinitus
460 1165 515 1205 datas
525 1176 628 1217 opponere
637 1164 742 1205 meditatus
751 1165 794 1204 est“
802 1162 830 1219 ³).

131 1236 194 1284 Quum
211 1236 298 1289 denique
314 1240 383 1277 auctor
393 1236 480 1276 Pastoris
495 1235 519 1276 de
534 1239 598 1276 morte
609 1234 753 1288 Apostolorum
770 1233 830 1289 [Sim.

71 1304 105 1357 IX,
119 1304 165 1359 lb.)
182 1310 201 1346 et
217 1306 242 1347 de
258 1318 321 1357 more,
338 1318 382 1345 cum
397 1305 552 1346 subintroductis
569 1305 649 1357 vivendi
665 1302 724 1358 (Sim.
736 1305 769 1356 lX,
783 1302 829 1359 ll.)

72 1376 133 1416 verba
150 1375 215 1426 faciat,
230 1389 270 1417 non
287 1376 378 1416 Hermam
393 1376 529 1428 apostolicum,
545 1375 581 1416 sed
597 1376 679 1416 fratrem
691 1375 719 1415 Pii
729 1374 742 1415 l.
759 1375 829 1416 librum

70 1449 160 1487 nostrum
176 1459 272 1487 exarasse
288 1450 385 1500 putemus.
705 1435 707 1439 ¹

130 1517 199 1569 Priori,
216 1521 236 1557 ut
252 1517 342 1568 vidimus
358 1517 409 1569 parti
420 1518 531 1557 sententiae
542 1520 623 1557 nostrae
635 1514 725 1556 Gratztus
737 1514 829 1569 adstipu-

69 1587 132 1640 latur,
154 1587 189 1627 sed
212 1587 277 1640 quoad
299 1592 375 1639 partem
397 1587 531 1639 posteriorem
551 1600 562 1627 a
580 1586 638 1627 nobis
653 1585 765 1637 recedens,
787 1597 828 1626 non

70 1657 151 1697 fratrem
162 1658 189 1697 Pii
200 1658 215 1709 l,
231 1660 267 1698 sed
278 1669 398 1710 anonymum
410 1656 515 1709 quemdam
526 1657 645 1710 scriptorem
656 1656 725 1696 seculo
737 1655 827 1696 secundo

67 1727 139 1767 librum
156 1727 208 1768 tune
224 1727 362 1780 courposuisse
378 1728 496 1781 suspicatur,
514 1728 593 1768 dicens:
617 1728 649 1779 ,si
665 1739 737 1778 nernpe
752 1732 828 1767 coactor·

67 1797 165 1838 cridietns
178 1797 257 1848 suisset
272 1797 372 1838 ecclcsiae
389 1798 476 1848 lctirace,
492 1798 626 1850 Roritcncqoe
637 1797 733 1850 pontifici
748 1809 826 1849 capno-

67 1869 132 1909 atonis
148 1869 233 1908 eirtcnlo
250 1870 386 1919 conjunctus,
402 1873 457 1908 certa
473 1868 526 1908 liber
542 1869 610 1920 ipsius
626 1867 696 1908 notior
712 1868 828 1907 adstitisset

67 1938 159 1988 Latinis,
176 1950 238 1990 qnam
256 1937 356 1977 Graecast
369 1935 397 1991 ⁴).
430 1937 520 1977 Grattius
536 1937 568 1976 hic
583 1938 645 1977 verba
660 1936 776 1989 Hieronymi
790 1949 827 1976 re-

69 2009 138 2061 spicit:
157 2007 227 2059 ,apud
242 2007 344 2059 qatcsdont
358 2007 460 2047 Graeciae
476 2008 576 2048 ecelesias
592 2006 655 2061 [liber
668 2004 768 2058 Pastoris]
780 2007 827 2057 juin

66 2078 152 2130 publice
168 2077 257 2129 lepitnr·;
273 2109 277 2117 .
290 2109 294 2117 .
306 2108 310 2117 .
322 2108 326 2117 .
338 2077 376 2117 sed
391 2078 449 2129 apud
461 2077 551 2119 Latinos
563 2089 630 2129 poetae
646 2076 729 2129 ipttotns
745 2075 788 2115 θεία
798 2073 825 2130 ⁵).

92 2191 110 2236 l]
124 2191 366 2227 εοηῐ..101ι.1ιονῑηηε«ᾱε
385 2193 438 2226 disei—
458 2193 529 2227 Wetzer
547 2199 563 2227 et
581 2193 642 2232 Watta
670 2191 756 2237 Freiburg
774 2185 824 2224 1851,

66 2250 114 2294 plina
137 2251 231 2293 poenitent.
264 2252 326 2285 Jacob.
347 2252 437 2286 Sirrrrond.
457 2251 473 2285 l'.
488 2252 522 2285 Vll.
535 2263 551 2296 p.
565 2251 598 2284 255
612 2257 629 2285 et
641 2251 680 2284 266.

66 2309 105 2343 hist.
119 2319 170 2353 poen.
183 2307 269 2351 publicae.
290 2309 357 2344 Oratam
370 2307 391 2340 de
402 2310 436 2341 eri·
479 2308 498 2353 3)
511 2309 561 2343 Plane
572 2310 638 2344 anobis
651 2308 717 2343 recedit
730 2310 824 2343 vernerus

66 2368 130 2401 minum
144 2365 241 2410 capitalium
253 2377 284 2410 per
296 2367 327 2398 tria
340 2367 396 2409 priora
406 2377 436 2400 se·
455 2367 518 2410 (Lehre
526 2379 560 2402 von
570 2369 600 2402 der
610 2368 674 2402 Person
684 2365 752 2408 Christi,
766 2366 793 2398 ed.
802 2365 823 2398 ll.

65 2426 102 2459 eula
116 2425 232 2459 absolutione.
254 2423 305 2456 1730,
326 2424 342 2455 t.
454 2425 472 2460 T.
486 2425 498 2458 l.
511 2438 528 2470 p.
537 2426 570 2460 189
579 2427 623 2471 sp),
637 2424 750 2459 contendens:
763 2423 824 2456 librum

88 2485 107 2526 2)
121 2484 201 2517 Haeresis
211 2482 350 2514 llantentstarum
359 2486 435 2525 tempore
454 2485 527 2526 pastoris
539 2484 591 2528 paulo
606 2491 645 2518 urata
661 2488 736 2526 tempora
750 2482 824 2515 llontani

65 2541 89 2575 Pii
101 2542 120 2584 l,
133 2542 195 2575 urediis
204 2540 258 2574 seculi
271 2539 342 2587 secundi
351 2541 434 2583 tempori·
453 2543 532 2585 scriptam
542 2553 587 2584 esse,
600 2548 617 2575 et
628 2547 715 2575 auctorem
725 2540 761 2584 ejus
769 2551 822 2585 prae-

64 2599 102 2641 bus,
111 2605 162 2644 utque
171 2599 247 2632 nonnulli
257 2598 326 2639 matum,
333 2597 367 2640 jam
375 2596 394 2630 A.
402 2597 435 2630 140
453 2610 539 2632 cursorem
552 2600 659 2633 llontanismi
672 2599 731 2633 fuisse.

64 2657 128 2689 initium
146 2659 197 2701 cepit.
219 2656 256 2692 Cb.
271 2666 315 2701 quae
329 2656 351 2688 de
368 2656 400 2688 bac
416 2667 435 2688 re
476 2657 495 2700 4)
509 2656 569 2699 Gratz,
581 2658 592 2690 l.
607 2670 621 2691 e.
634 2669 651 2701 p.
664 2657 680 2690 8.

66 2714 186 2758 disputavimus
204 2716 220 2749 in
239 2713 381 2750 llirebenleuicon
400 2724 434 2748 von
476 2713 495 2758 5)
509 2713 534 2747 De
547 2715 586 2748 viris
599 2715 658 2749 illustr.
671 2726 686 2748 c.
701 2715 728 2749 10.
