1789 2987
89 191 132 234 350
226 187 318 224 uuullau
331 187 422 222 PASTOR.
448 188 514 224 LIBER
525 189 546 224 ll.
570 186 672 223 utauuut's
680 187 707 223 lv.

88 297 231 352 poenitentiam
243 297 321 349 mulien
338 301 358 337 et
373 300 477 349 permanet
493 297 512 337 in
524 296 656 338 fornicatione
668 307 710 347 sua,
727 298 746 336 et
760 295 849 337 convivit

88 381 132 409 cum
148 367 179 407 illa
196 368 236 418 vir3
258 379 305 408 reus
322 368 359 408 erit
374 368 451 421 peceati
468 369 523 421 ejus,
546 374 565 409 et
585 369 684 422 particeps
703 366 848 409 moechationis

88 440 151 493 ejusd
183 438 207 479 Et
223 438 263 479 dixi
280 439 317 479 illi:
341 438 407 492 „quid
430 451 492 493 ergo,
514 440 531 479 si
553 438 685 493 permanserit
700 437 719 477 in
732 437 788 479 ¹vilio
810 449 847 478 suo

87 509 193 550 mulier?“
225 509 250 549 m.
266 509 324 549 dixit:
348 509 449 560 „dinudat
464 509 516 549 illam
532 511 575 562 vir,
591 514 610 550 el
626 510 656 550 vir
671 521 708 562 per
723 521 746 549 se
762 511 847 548 maneat.

89 579 184 627 ¹Qnodsi
205 579 301 619 dimiserit
322 579 423 620 mulierem
445 592 511 632 suam,
534 585 554 620 et
575 580 631 620 aliam
653 575 743 631 duxerit,
765 583 784 620 et
804 578 848 632 ipse

88 649 224 690 moeclratur.“
256 648 281 689 Et
297 649 338 690 dixi
352 650 391 690 illi:
414 650 473 703 „quid
490 651 507 691 si
523 650 594 691 mulier
610 650 689 691 dimissa
705 650 848 703 poenitentiam

86 712 158 775 egerit,
176 726 194 761 et
206 721 293 762 voluerit
303 720 327 762 ad
338 721 402 762 virum
414 734 471 762 suum
482 721 564 778 reverti,
580 733 647 762 noune
658 720 766 774 recipietur
779 732 790 760 a
803 720 847 760 uiro

88 791 156 832 saort
187 790 212 831 Et
233 791 282 832 dixit
302 791 359 832 milri:
384 793 451 845 „imm
474 792 491 832 si
511 804 551 833 nou
567 793 668 845 receperit
686 804 729 832 eam
744 790 775 832 uir
791 802 847 842 suus,

88 866 167 916 peccat,
188 867 207 903 et
224 865 317 916 magnum
333 867 437 915 peccatum
454 862 491 903 sibi
507 862 600 913 admittit;
620 862 656 903 sed
677 862 736 903 debet
755 861 848 914 recipere

88 932 233 986 peccatricem,
254 944 305 984 quae
320 932 462 985 poenitentiam
479 933 531 986 egitJ
553 932 589 973 sed
605 944 646 973 uon
662 944 729 986 saepe.
760 929 848 974 ²Servis

88 1002 140 1042 enim
157 1002 194 1042 Dei
210 1002 333 1055 poenitentia
349 1014 387 1042 una
404 1006 440 1042 est.
471 1001 554 1054 Propter
572 1002 715 1054 poemrenuam
736 1014 786 1057 ergo
807 1013 848 1042 uon

88 1072 154 1124 debet,
171 1072 251 1113 dimissa
267 1073 354 1127 conjuge
370 1084 412 1125 sua,
428 1072 459 1113 vir
475 1072 531 1113 aliam
549 1072 629 1114 ducere.
658 1073 694 1114 Hic
707 1079 763 1114 actus
779 1072 847 1114 similis

88 1147 119 1183 est
135 1147 155 1183 ct
171 1142 190 1183 iu
206 1143 250 1183 viro
268 1143 323 1183 etin
343 1143 432 1184 muliere.
462 1143 508 1183 Non
529 1142 593 1184 solum
615 1144 726 1185 moechatio
751 1147 781 1184 est
801 1142 847 1194 illis,

89 1214 122 1267 qui
139 1226 218 1254 carnem
235 1225 290 1254 suam
307 1213 436 1267 coinquinant
442 1228 448 1264 3
469 1213 505 1254 sed
522 1213 584 1265 etis,
603 1215 636 1267 qui
653 1214 779 1255 simulacrum
795 1213 848 1265 facil,

89 1284 211 1325 moechatur.
243 1282 340 1333 ³Quodsi
355 1285 375 1325 in
391 1285 421 1326 his
438 1283 495 1325 factis
516 1289 644 1338 perseverat,
667 1289 686 1325 et
706 1284 848 1337 poenitentiam

88 1367 129 1395 non
147 1342 194 1409 apii,
209 1354 284 1395 recede
300 1355 324 1395 ab
340 1354 385 1406 illa,
407 1359 426 1395 et
446 1355 487 1396 noli
507 1356 618 1397 convivere
636 1369 681 1397 cum
696 1355 739 1406 illa;
761 1356 848 1409 alioquin

89 1429 109 1466 et
124 1430 145 1466 tu
161 1426 260 1479 particeps
277 1425 317 1466 eris
333 1426 411 1478 peccati
427 1426 477 1479 ejus.
509 1426 594 1479 Propter
615 1426 654 1468 lroc
672 1428 801 1480 praeceptum
817 1429 848 1465 est

89 1495 159 1547 roms,
176 1500 197 1536 ut
213 1495 302 1536 coelibes
319 1495 425 1547 maneatis,
441 1500 481 1536 lum
498 1496 538 1547 vir,
555 1500 594 1537 tum
611 1496 692 1546 mulier;
712 1499 779 1549 potest
796 1495 848 1535 enim

90 1567 110 1606 in
121 1566 234 1621 hujusmodi
245 1562 383 1619 lpoenitentia
395 1578 447 1607 osse.
474 1565 513 1608 Sed
525 1572 545 1608 et
556 1579 595 1620 ego
607 1578 648 1608 non
660 1566 685 1609 do
697 1565 848 1617 ⁵occ'asiunem,

91 1640 111 1677 ut
127 1636 177 1677 haec
192 1637 218 1677 ita
231 1642 315 1690 agantur
321 1652 326 1688 ;
343 1636 378 1677 sed
390 1649 416 1677 ne
427 1636 517 1690 amplius,
534 1637 567 1691 qui
579 1639 699 1691 peccaverit,
716 1641 792 1691 peccet.
818 1636 848 1676 De

89 1707 189 1760 prioribus
206 1713 271 1748 autem
287 1709 375 1760 peccatis
392 1710 435 1762 ejus
452 1709 515 1759 Deus,
532 1708 565 1761 qui
580 1712 700 1762 potestatem
716 1707 775 1748 habet
791 1707 848 1748 sani-

89 1781 149 1818 tatem
166 1777 230 1831 dandi,
247 1777 300 1819 dabit
315 1777 431 1832 remedium,
448 1779 494 1832 quia
505 1779 548 1832 ipse
559 1783 595 1831 est,
612 1779 645 1832 qui
659 1778 718 1820 habet
727 1782 848 1832 potestatem

91 1849 197 1889 orrrrrium.“
220 1837 224 1841 ⁵
529 1846 531 1849 ’

114 1933 117 1938 ·
148 1919 170 1959 ll.
200 1920 273 1961 Iterum
289 1920 419 1974 interrogavi,
435 1925 455 1961 et
471 1919 523 1961 dixi:
542 1919 647 1972 „quoniam
664 1918 756 1960 dominus
775 1918 849 1959 existi-

91 2073 196 2119 Greporiam
210 2071 237 2115 lX,
251 2082 265 2105 c.
279 2070 321 2106 311.
339 2071 360 2104 de
374 2070 460 2104 adulteriis
503 2071 521 2113 3)
534 2069 560 2104 De
574 2070 646 2104 divortio
658 2072 680 2104 iu'
689 2080 729 2104 casu
741 2068 849 2103 idololatriae

90 2136 108 2164 et
124 2131 185 2174 stupris
204 2130 236 2174 (V,
251 2130 286 2175 16).
312 2129 376 2164 Similia
390 2129 459 2163 decreta
480 2130 510 2164 cfr.
520 2131 604 2176 deprimi,
613 2128 679 2163 Handb.
690 2129 705 2163 d.
715 2126 849 2162 chr.rlrchaeol.

90 2190 168 2221 invenies
181 2189 225 2233 apud
238 2188 296 2222 Patres
310 2195 326 2223 et
340 2187 414 2222 Concilia
428 2199 460 2222 an·
479 2178 534 2222 Txul'.
548 2199 565 2232 p.
575 2187 614 2220 151.
631 2188 663 2221 Hic
676 2189 730 2233 agitur
743 2187 765 2220 de
774 2185 849 2230 conjuge

89 2248 141 2291 tiqua.
167 2245 200 2279 cu.
215 2248 297 2281 C'otelerii
310 2252 359 2280 notas
372 2246 392 2279 ad
405 2246 421 2279 h.
435 2245 445 2279 l.
479 2246 579 2288 christiana,
601 2248 617 2279 in
636 2245 748 2279 idololatriam
766 2247 849 2290 relapsu,-

114 2304 132 2347 l)
146 2294 203 2337 llattlr.
213 2303 230 2346 5,
238 2304 266 2336 32.
276 2304 303 2346 19,
311 2306 327 2338 9,
338 2304 388 2337 liare.
397 2304 425 2346 ld,
434 2304 459 2337 11.
479 2315 512 2337 non
520 2303 541 2336 de
548 2304 621 2348 conjuge
629 2303 700 2345 infideli,
708 2309 727 2336 ut
735 2303 743 2336 Ι
750 2302 789 2337 Gor.
796 2302 814 2345 t,
821 2302 848 2336 15.

89 2361 145 2397 lCor.
159 2363 176 2404 7.,
191 2361 218 2394 11.
239 2361 377 2408 Cfr.1m9,tc.
392 2374 409 2406 p.
420 2362 460 2404 175,
502 2363 521 2404 4)
534 2361 547 2395 Ι.
561 2372 576 2394 e.
592 2367 650 2406 potest
667 2362 711 2394 enim
724 2361 805 2395 moechus
818 2371 849 2395 seu

89 2423 208 2463 sacrandam,
227 2420 238 2454 l.
252 2431 266 2454 c.
280 2432 297 2464 p.
310 2419 333 2453 84
347 2425 364 2453 ct
378 2421 461 2455 Cotalcm'i
479 2419 551 2452 moecha
563 2419 684 2463 poenitentiam
694 2429 751 2463 agere,
765 2431 797 2465 qua
806 2430 848 2463 per-

89 2484 144 2513 notas.
480 2483 517 2511 acta
526 2478 587 2510 iterum
596 2477 689 2521 recipiatur
697 2476 718 2510 ab
728 2476 781 2511 altera
789 2483 848 2522 parte3

112 2537 131 2578 2)
144 2536 170 2569 De
178 2535 291 2570 hacHerrnae
299 2536 377 2570 doctrina
386 2536 460 2570 videau-
479 2535 519 2569 ideo
539 2536 624 2580 posterior
642 2545 676 2569 non
696 2534 729 2568 alio
747 2535 849 2569 matrimonii

89 2601 117 2629 tur
129 2597 187 2640 Imp,
205 2594 216 2627 l⁴
230 2606 244 2628 e.
262 2605 278 2638 p.
293 2595 331 2628 172,
356 2597 460 2637 Mitrzcclzer,
479 2592 547 2626 vinculo
560 2593 608 2637 ligari
621 2592 678 2627 debet.

90 2652 159 2697 [Lehrb.
176 2653 206 2686 der
223 2653 361 2697 Dogmengesch.
380 2653 407 2686 ed.
426 2662 460 2686 von
503 2651 521 2694 5]
534 2650 546 2685 l.
561 2662 576 2684 e.
589 2652 711 2696 Recipiendam
727 2662 766 2685 esse
779 2651 848 2685 adulte-

90 2710 156 2753 Coelln,
170 2711 197 2744 ed.
210 2709 246 2752 lu.)
260 2709 278 2744 T.
290 2710 302 2744 Ι,
316 2722 332 2755 p.
342 2711 382 2744 451.
399 2713 458 2746 Juelt-
479 2719 514 2742 ram
528 2708 598 2753 docens,
611 2710 660 2753 absit,
673 2715 691 2743 ut
704 2709 784 2743 adulterii
794 2720 848 2760 peca-

88 2780 155 2815 mamr„
165 2767 176 2802 l.
185 2779 199 2802 c.
208 2779 224 2813 p.
231 2767 260 2803 81.
269 2770 395 2806 ercanradus
404 2781 418 2803 a.
425 2769 441 2803 lr.
449 2768 459 2803 l.
473 2768 543 2811 'sionem
555 2768 654 2813 praebeam.
683 2787 686 2790 ·
