<?xml version="1.0" encoding="UTF-8"?>
<!DOCTYPE html PUBLIC "-//W3C//DTD XHTML 1.0 Transitional//EN"
    "http://www.w3.org/TR/xhtml1/DTD/xhtml1-transitional.dtd">
<html xmlns="http://www.w3.org/1999/xhtml" xml:lang="en" lang="en">
 <head>
  <title>
</title>
<meta http-equiv="Content-Type" content="text/html;charset=utf-8" />
  <meta name='ocr-system' content='tesseract 3.04.00' />
  <meta name='ocr-capabilities' content='ocr_page ocr_carea ocr_par ocr_line ocrx_word'/>
</head>
<body>
  <div class='ocr_page' id='page_1' title='image "MN40298ucmf_0_0127.png"; bbox 0 0 1765 2987; ppageno 0'>
   <div class='ocr_carea' id='block_1_1' title="bbox 60 170 820 216">
    <p class='ocr_par' dir='ltr' id='par_1_1' title="bbox 60 170 820 216">
     <span class='ocr_line' id='line_1_1' title="bbox 60 170 820 216; baseline -0.001 -9"><span class='ocrx_word' id='word_1_1' title='bbox 60 170 169 216; x_wconf 65' lang='lat' dir='ltr'>Reatino]</span> <span class='ocrx_word' id='word_1_2' title='bbox 353 170 525 207; x_wconf 84' lang='lat' dir='ltr'>PROLEGOltlEllA.</span> <span class='ocrx_word' id='word_1_3' title='bbox 768 170 820 207; x_wconf 86' lang='lat' dir='ltr'>XCIX</span> 
     </span>
    </p>
   </div>
   <div class='ocr_carea' id='block_1_2' title="bbox 59 278 820 545">
    <p class='ocr_par' dir='ltr' id='par_1_2' title="bbox 59 278 820 545">
     <span class='ocr_line' id='line_1_2' title="bbox 60 278 819 334; baseline -0.004 -13"><span class='ocrx_word' id='word_1_4' title='bbox 60 280 79 322; x_wconf 91' lang='lat' dir='ltr'>X</span> <span class='ocrx_word' id='word_1_5' title='bbox 99 279 236 321; x_wconf 66' lang='lat' dir='ltr'>similitudines</span> <span class='ocrx_word' id='word_1_6' title='bbox 257 279 399 334; x_wconf 89' lang='lat' dir='ltr'>complectitur.</span> <span class='ocrx_word' id='word_1_7' title='bbox 430 279 484 320; x_wconf 87' lang='lat' dir='ltr'>Haeo</span> <span class='ocrx_word' id='word_1_8' title='bbox 506 280 577 322; x_wconf 89' lang='lat' dir='ltr'>divisio</span> <span class='ocrx_word' id='word_1_9' title='bbox 601 278 749 333; x_wconf 78' lang='lat' dir='ltr'>posterioribus</span> <span class='ocrx_word' id='word_1_10' title='bbox 773 278 819 319; x_wconf 90' lang='lat' dir='ltr'>edi-</span> 
     </span>
     <span class='ocr_line' id='line_1_3' title="bbox 60 342 819 403; baseline -0.004 -11"><span class='ocrx_word' id='word_1_11' title='bbox 60 352 137 392; x_wconf 79' lang='lat' dir='ltr'>toribus</span> <span class='ocrx_word' id='word_1_12' title='bbox 153 342 284 399; x_wconf 83' lang='lat' dir='ltr'>adsoribenda</span> <span class='ocrx_word' id='word_1_13' title='bbox 300 353 341 400; x_wconf 68' lang='lat' dir='ltr'>estg</span> <span class='ocrx_word' id='word_1_14' title='bbox 358 349 455 402; x_wconf 88' lang='lat' dir='ltr'>siquidem</span> <span class='ocrx_word' id='word_1_15' title='bbox 471 349 522 390; x_wconf 91' lang='lat' dir='ltr'>illam</span> <span class='ocrx_word' id='word_1_16' title='bbox 538 344 605 403; x_wconf 88' lang='lat' dir='ltr'>neque</span> <span class='ocrx_word' id='word_1_17' title='bbox 617 350 672 393; x_wconf 81' lang='lat' dir='ltr'>tiss.</span> <span class='ocrx_word' id='word_1_18' title='bbox 689 349 819 402; x_wconf 80' lang='lat' dir='ltr'>exemplaria,</span> 
     </span>
     <span class='ocr_line' id='line_1_4' title="bbox 59 419 820 475; baseline -0.007 -12"><span class='ocrx_word' id='word_1_19' title='bbox 59 434 126 475; x_wconf 88' lang='lat' dir='ltr'>neque</span> <span class='ocrx_word' id='word_1_20' title='bbox 137 422 210 463; x_wconf 84' lang='lat' dir='ltr'>vetusti</span> <span class='ocrx_word' id='word_1_21' title='bbox 222 421 331 473; x_wconf 90' lang='lat' dir='ltr'>scriptores</span> <span class='ocrx_word' id='word_1_22' title='bbox 343 424 467 472; x_wconf 78' lang='lat' dir='ltr'>agnosennt3</span> <span class='ocrx_word' id='word_1_23' title='bbox 479 419 525 472; x_wconf 89' lang='lat' dir='ltr'>quin</span> <span class='ocrx_word' id='word_1_24' title='bbox 537 424 557 460; x_wconf 88' lang='lat' dir='ltr'>et</span> <span class='ocrx_word' id='word_1_25' title='bbox 569 432 578 460; x_wconf 92' lang='lat' dir='ltr'>a</span> <span class='ocrx_word' id='word_1_26' title='bbox 591 419 698 472; x_wconf 76' lang='lat' dir='ltr'>codicibus,</span> <span class='ocrx_word' id='word_1_27' title='bbox 711 420 744 473; x_wconf 92' lang='lat' dir='ltr'>qui</span> <span class='ocrx_word' id='word_1_28' title='bbox 755 430 820 472; x_wconf 87' lang='lat' dir='ltr'>supe-</span> 
     </span>
     <span class='ocr_line' id='line_1_5' title="bbox 59 486 819 545; baseline -0.007 -12"><span class='ocrx_word' id='word_1_29' title='bbox 59 497 109 545; x_wconf 77' lang='lat' dir='ltr'>rant,</span> <span class='ocrx_word' id='word_1_30' title='bbox 126 492 198 533; x_wconf 90' lang='lat' dir='ltr'>abesse</span> <span class='ocrx_word' id='word_1_31' title='bbox 215 490 300 543; x_wconf 85' lang='lat' dir='ltr'>capitum</span> <span class='ocrx_word' id='word_1_32' title='bbox 316 488 413 541; x_wconf 85' lang='lat' dir='ltr'>lemmata,</span> <span class='ocrx_word' id='word_1_33' title='bbox 430 488 543 531; x_wconf 83' lang='lat' dir='ltr'>Cotelerius</span> <span class='ocrx_word' id='word_1_34' title='bbox 559 489 631 542; x_wconf 87' lang='lat' dir='ltr'>aliique</span> <span class='ocrx_word' id='word_1_35' title='bbox 648 491 781 531; x_wconf 82' lang='lat' dir='ltr'>observarunt</span> <span class='ocrx_word' id='word_1_36' title='bbox 793 486 819 544; x_wconf 83' lang='lat'>¹).</span> 
     </span>
    </p>
   </div>
   <div class='ocr_carea' id='block_1_3' title="bbox 56 559 820 2219">
    <p class='ocr_par' dir='ltr' id='par_1_3' title="bbox 58 559 820 968">
     <span class='ocr_line' id='line_1_6' title="bbox 117 559 819 613; baseline -0.001 -11"><span class='ocrx_word' id='word_1_37' title='bbox 117 561 148 602; x_wconf 94' lang='lat' dir='ltr'>lll.</span> <span class='ocrx_word' id='word_1_38' title='bbox 175 561 245 601; x_wconf 88' lang='lat' dir='ltr'>Totum</span> <span class='ocrx_word' id='word_1_39' title='bbox 259 560 346 600; x_wconf 88' lang='lat' dir='ltr'>Hermae</span> <span class='ocrx_word' id='word_1_40' title='bbox 362 571 411 612; x_wconf 89' lang='lat' dir='ltr'>opus</span> <span class='ocrx_word' id='word_1_41' title='bbox 427 561 515 602; x_wconf 81' lang='lat' dir='ltr'>Pastoris</span> <span class='ocrx_word' id='word_1_42' title='bbox 528 561 610 602; x_wconf 90' lang='lat' dir='ltr'>nomine</span> <span class='ocrx_word' id='word_1_43' title='bbox 625 560 746 613; x_wconf 76' lang='lat' dir='ltr'>inscribitur,</span> <span class='ocrx_word' id='word_1_44' title='bbox 764 559 819 613; x_wconf 91' lang='lat' dir='ltr'>quod</span> 
     </span>
     <span class='ocr_line' id='line_1_7' title="bbox 59 629 818 685; baseline -0.003 -13"><span class='ocrx_word' id='word_1_45' title='bbox 59 632 144 685; x_wconf 79' lang='lat' dir='ltr'>angelus</span> <span class='ocrx_word' id='word_1_46' title='bbox 159 629 302 684; x_wconf 83' lang='lat' dir='ltr'>poenitentiae,</span> <span class='ocrx_word' id='word_1_47' title='bbox 318 629 385 670; x_wconf 91' lang='lat' dir='ltr'>babitu</span> <span class='ocrx_word' id='word_1_48' title='bbox 400 631 495 684; x_wconf 90' lang='lat' dir='ltr'>pastorali</span> <span class='ocrx_word' id='word_1_49' title='bbox 506 630 594 682; x_wconf 84' lang='lat' dir='ltr'>indutus,</span> <span class='ocrx_word' id='word_1_50' title='bbox 610 630 701 671; x_wconf 88' lang='lat' dir='ltr'>Hermam</span> <span class='ocrx_word' id='word_1_51' title='bbox 715 630 818 682; x_wconf 87' lang='lat' dir='ltr'>alloquens</span> 
     </span>
     <span class='ocr_line' id='line_1_8' title="bbox 60 691 818 742; baseline -0.001 -1"><span class='ocrx_word' id='word_1_52' title='bbox 60 706 79 741; x_wconf 89' lang='lat' dir='ltr'>et</span> <span class='ocrx_word' id='word_1_53' title='bbox 94 691 204 741; x_wconf 84' lang='lat' dir='ltr'>informans</span> <span class='ocrx_word' id='word_1_54' title='bbox 220 699 271 741; x_wconf 91' lang='lat' dir='ltr'>libro</span> <span class='ocrx_word' id='word_1_55' title='bbox 287 699 309 740; x_wconf 91' lang='lat' dir='ltr'>ll.</span> <span class='ocrx_word' id='word_1_56' title='bbox 326 703 345 740; x_wconf 88' lang='lat' dir='ltr'>et</span> <span class='ocrx_word' id='word_1_57' title='bbox 360 699 390 740; x_wconf 95' lang='lat' dir='ltr'>lll.</span> <span class='ocrx_word' id='word_1_58' title='bbox 406 701 512 742; x_wconf 84' lang='lat' dir='ltr'>inducitur.</span> <span class='ocrx_word' id='word_1_59' title='bbox 543 700 607 741; x_wconf 89' lang='lat' dir='ltr'>Aliam</span> <span class='ocrx_word' id='word_1_60' title='bbox 623 701 742 741; x_wconf 87' lang='lat' dir='ltr'>sententiam</span> <span class='ocrx_word' id='word_1_61' title='bbox 756 699 818 740; x_wconf 85' lang='lat' dir='ltr'>dacb-</span> 
     </span>
     <span class='ocr_line' id='line_1_9' title="bbox 58 767 819 824; baseline -0.001 -13"><span class='ocrx_word' id='word_1_62' title='bbox 58 781 142 811; x_wconf 90' lang='lat' dir='ltr'>mannus</span> <span class='ocrx_word' id='word_1_63' title='bbox 159 768 184 823; x_wconf 84' lang='lat'>(1.</span> <span class='ocrx_word' id='word_1_64' title='bbox 201 782 217 810; x_wconf 91' lang='lat' dir='ltr'>c.</span> <span class='ocrx_word' id='word_1_65' title='bbox 233 782 252 823; x_wconf 89' lang='lat' dir='ltr'>p.</span> <span class='ocrx_word' id='word_1_66' title='bbox 269 767 310 824; x_wconf 75' lang='grc'>28)</span> <span class='ocrx_word' id='word_1_67' title='bbox 331 771 383 810; x_wconf 89' lang='lat' dir='ltr'>tueri</span> <span class='ocrx_word' id='word_1_68' title='bbox 404 770 495 822; x_wconf 86' lang='lat' dir='ltr'>ridetur,</span> <span class='ocrx_word' id='word_1_69' title='bbox 516 782 612 821; x_wconf 73' lang='lat' dir='ltr'>monens,</span> <span class='ocrx_word' id='word_1_70' title='bbox 637 770 819 811; x_wconf 90' lang='lat' dir='ltr'>denominationem</span> 
     </span>
     <span class='ocr_line' id='line_1_10' title="bbox 58 839 820 893; baseline -0.001 -12"><span class='ocrx_word' id='word_1_71' title='bbox 58 840 111 881; x_wconf 89' lang='lat' dir='ltr'>illam</span> <span class='ocrx_word' id='word_1_72' title='bbox 126 839 214 881; x_wconf 89' lang='lat' dir='ltr'>fortasse</span> <span class='ocrx_word' id='word_1_73' title='bbox 230 840 253 880; x_wconf 94' lang='lat' dir='ltr'>ab</span> <span class='ocrx_word' id='word_1_74' title='bbox 270 839 337 880; x_wconf 89' lang='lat' dir='ltr'>indole</span> <span class='ocrx_word' id='word_1_75' title='bbox 354 840 421 893; x_wconf 90' lang='lat' dir='ltr'>operis</span> <span class='ocrx_word' id='word_1_76' title='bbox 444 841 509 881; x_wconf 87' lang='lat' dir='ltr'>ethica</span> <span class='ocrx_word' id='word_1_77' title='bbox 531 840 659 882; x_wconf 89' lang='lat' dir='ltr'>derivandam</span> <span class='ocrx_word' id='word_1_78' title='bbox 681 852 739 892; x_wconf 79' lang='lat' dir='ltr'>esse,</span> <span class='ocrx_word' id='word_1_79' title='bbox 760 839 820 881; x_wconf 92' lang='lat' dir='ltr'>simili</span> 
     </span>
     <span class='ocr_line' id='line_1_11' title="bbox 59 909 818 968; baseline 0 -17"><span class='ocrx_word' id='word_1_80' title='bbox 59 910 125 962; x_wconf 75' lang='lat' dir='ltr'>modo,</span> <span class='ocrx_word' id='word_1_81' title='bbox 144 922 183 963; x_wconf 89' lang='lat' dir='ltr'>quo</span> <span class='ocrx_word' id='word_1_82' title='bbox 200 913 220 950; x_wconf 89' lang='lat' dir='ltr'>et</span> <span class='ocrx_word' id='word_1_83' title='bbox 234 913 276 950; x_wconf 89' lang='lat' dir='ltr'>tres</span> <span class='ocrx_word' id='word_1_84' title='bbox 291 909 346 950; x_wconf 90' lang='lat' dir='ltr'>Pauli</span> <span class='ocrx_word' id='word_1_85' title='bbox 363 910 459 963; x_wconf 88' lang='lat' dir='ltr'>epistolae</span> <span class='ocrx_word' id='word_1_86' title='bbox 473 910 584 963; x_wconf 90' lang='lat' dir='ltr'>pastorales</span> <span class='ocrx_word' id='word_1_87' title='bbox 598 915 724 968; x_wconf 88' lang='lat' dir='ltr'>nuncupatae</span> <span class='ocrx_word' id='word_1_88' title='bbox 738 910 818 951; x_wconf 88' lang='lat' dir='ltr'>fuerint.</span> 
     </span>
    </p>

    <p class='ocr_par' dir='ltr' id='par_1_4' title="bbox 56 969 818 1454">
     <span class='ocr_line' id='line_1_12' title="bbox 117 969 818 1034; baseline 0.004 -15"><span class='ocrx_word' id='word_1_89' title='bbox 117 979 148 1020; x_wconf 67' lang='lat' dir='ltr'>lll.</span> <span class='ocrx_word' id='word_1_90' title='bbox 175 969 261 1021; x_wconf 83' lang='lat' dir='ltr'>Hermae</span> <span class='ocrx_word' id='word_1_91' title='bbox 274 979 377 1021; x_wconf 88' lang='lat' dir='ltr'>Pastorem</span> <span class='ocrx_word' id='word_1_92' title='bbox 392 993 468 1033; x_wconf 80' lang='lat' dir='ltr'>proece</span> <span class='ocrx_word' id='word_1_93' title='bbox 483 980 547 1033; x_wconf 89' lang='lat' dir='ltr'>primo</span> <span class='ocrx_word' id='word_1_94' title='bbox 562 980 625 1021; x_wconf 90' lang='lat' dir='ltr'>fuisse</span> <span class='ocrx_word' id='word_1_95' title='bbox 641 981 742 1034; x_wconf 80' lang='lat' dir='ltr'>scriptum,</span> <span class='ocrx_word' id='word_1_96' title='bbox 758 993 818 1022; x_wconf 90' lang='lat' dir='ltr'>nemo</span> 
     </span>
     <span class='ocr_line' id='line_1_13' title="bbox 58 1048 818 1105; baseline 0.001 -14"><span class='ocrx_word' id='word_1_97' title='bbox 58 1050 122 1091; x_wconf 88' lang='lat' dir='ltr'>nescit</span> <span class='ocrx_word' id='word_1_98' title='bbox 127 1063 133 1100; x_wconf 70' lang='grc' dir='ltr'><strong><em>ς</em></strong></span> <span class='ocrx_word' id='word_1_99' title='bbox 150 1048 257 1090; x_wconf 89' lang='lat' dir='ltr'>dolendum</span> <span class='ocrx_word' id='word_1_100' title='bbox 274 1053 346 1102; x_wconf 79' lang='lat' dir='ltr'>tamen,</span> <span class='ocrx_word' id='word_1_101' title='bbox 362 1050 416 1103; x_wconf 90' lang='lat' dir='ltr'>quod</span> <span class='ocrx_word' id='word_1_102' title='bbox 432 1055 499 1091; x_wconf 83' lang='lat' dir='ltr'>textus</span> <span class='ocrx_word' id='word_1_103' title='bbox 513 1052 554 1105; x_wconf 85' lang='lat' dir='ltr'>jam</span> <span class='ocrx_word' id='word_1_104' title='bbox 570 1050 642 1092; x_wconf 85' lang='lat' dir='ltr'>dudum</span> <span class='ocrx_word' id='word_1_105' title='bbox 658 1056 769 1105; x_wconf 90' lang='lat' dir='ltr'>temporum</span> <span class='ocrx_word' id='word_1_106' title='bbox 784 1051 818 1091; x_wconf 61' lang='lat' dir='ltr'>ma</span> 
     </span>
     <span class='ocr_line' id='line_1_14' title="bbox 56 1118 818 1175; baseline 0 -15"><span class='ocrx_word' id='word_1_107' title='bbox 56 1120 109 1173; x_wconf 68' lang='lat' dir='ltr'>iuria</span> <span class='ocrx_word' id='word_1_108' title='bbox 120 1119 149 1160; x_wconf 91' lang='lat' dir='ltr'>sio</span> <span class='ocrx_word' id='word_1_109' title='bbox 157 1118 287 1171; x_wconf 79' lang='lat' dir='ltr'>interciderit,</span> <span class='ocrx_word' id='word_1_110' title='bbox 299 1124 320 1160; x_wconf 90' lang='lat' dir='ltr'>ut</span> <span class='ocrx_word' id='word_1_111' title='bbox 328 1120 423 1161; x_wconf 92' lang='lat' dir='ltr'>nonnulla</span> <span class='ocrx_word' id='word_1_112' title='bbox 433 1125 506 1161; x_wconf 91' lang='lat' dir='ltr'>tantum</span> <span class='ocrx_word' id='word_1_113' title='bbox 515 1121 560 1162; x_wconf 83' lang='lat' dir='ltr'>loca</span> <span class='ocrx_word' id='word_1_114' title='bbox 568 1122 677 1175; x_wconf 82' lang='lat' dir='ltr'>supersint,</span> <span class='ocrx_word' id='word_1_115' title='bbox 686 1122 818 1163; x_wconf 84' lang='lat' dir='ltr'>vetustiorum</span> 
     </span>
     <span class='ocr_line' id='line_1_15' title="bbox 58 1186 817 1245; baseline 0 -14"><span class='ocrx_word' id='word_1_116' title='bbox 58 1195 135 1244; x_wconf 88' lang='lat' dir='ltr'>patrum</span> <span class='ocrx_word' id='word_1_117' title='bbox 151 1201 272 1245; x_wconf 82' lang='lat' dir='ltr'>graecorum</span> <span class='ocrx_word' id='word_1_118' title='bbox 288 1186 382 1243; x_wconf 80' lang='lat' dir='ltr'>Operibus</span> <span class='ocrx_word' id='word_1_119' title='bbox 399 1191 480 1232; x_wconf 80' lang='lat' dir='ltr'>intenta.</span> <span class='ocrx_word' id='word_1_120' title='bbox 512 1191 587 1239; x_wconf 78' lang='lat' dir='ltr'>Quibus</span> <span class='ocrx_word' id='word_1_121' title='bbox 604 1191 684 1245; x_wconf 90' lang='lat' dir='ltr'>quidem</span> <span class='ocrx_word' id='word_1_122' title='bbox 697 1191 780 1244; x_wconf 86' lang='lat' dir='ltr'>laciniis,</span> <span class='ocrx_word' id='word_1_123' title='bbox 796 1191 817 1231; x_wconf 93' lang='lat' dir='ltr'>in</span> 
     </span>
     <span class='ocr_line' id='line_1_16' title="bbox 58 1258 818 1314; baseline 0 -14"><span class='ocrx_word' id='word_1_124' title='bbox 58 1260 126 1314; x_wconf 89' lang='lat' dir='ltr'>primis</span> <span class='ocrx_word' id='word_1_125' title='bbox 137 1271 187 1300; x_wconf 90' lang='lat' dir='ltr'>vero</span> <span class='ocrx_word' id='word_1_126' title='bbox 199 1258 314 1312; x_wconf 79' lang='lat' dir='ltr'>fragmentis</span> <span class='ocrx_word' id='word_1_127' title='bbox 325 1260 356 1311; x_wconf 82' lang='lat' dir='ltr'>its,</span> <span class='ocrx_word' id='word_1_128' title='bbox 368 1272 419 1312; x_wconf 89' lang='lat' dir='ltr'>quae</span> <span class='ocrx_word' id='word_1_129' title='bbox 431 1262 479 1301; x_wconf 87' lang='lat' dir='ltr'>satis</span> <span class='ocrx_word' id='word_1_130' title='bbox 490 1262 549 1301; x_wconf 83' lang='lat' dir='ltr'>inulta</span> <span class='ocrx_word' id='word_1_131' title='bbox 560 1267 668 1302; x_wconf 89' lang='lat' dir='ltr'>occurrunt</span> <span class='ocrx_word' id='word_1_132' title='bbox 680 1262 700 1302; x_wconf 91' lang='lat' dir='ltr'>in</span> <span class='ocrx_word' id='word_1_133' title='bbox 711 1261 818 1302; x_wconf 81' lang='lat' dir='ltr'>Doctrina</span> 
     </span>
     <span class='ocr_line' id='line_1_17' title="bbox 59 1329 817 1384; baseline 0.001 -14"><span class='ocrx_word' id='word_1_134' title='bbox 59 1330 87 1370; x_wconf 83' lang='lat' dir='ltr'>od</span> <span class='ocrx_word' id='word_1_135' title='bbox 97 1329 222 1370; x_wconf 75' lang='lat' dir='ltr'>Antiochum</span> <span class='ocrx_word' id='word_1_136' title='bbox 234 1330 313 1381; x_wconf 70' lang='lat' dir='ltr'>(tacent,</span> <span class='ocrx_word' id='word_1_137' title='bbox 330 1329 381 1370; x_wconf 90' lang='lat' dir='ltr'>inter</span> <span class='ocrx_word' id='word_1_138' title='bbox 392 1329 496 1371; x_wconf 79' lang='lat' dir='ltr'>Athanasii</span> <span class='ocrx_word' id='word_1_139' title='bbox 507 1331 632 1384; x_wconf 86' lang='lat' dir='ltr'>supposititia</span> <span class='ocrx_word' id='word_1_140' title='bbox 644 1344 655 1371; x_wconf 89' lang='lat' dir='ltr'>a</span> <span class='ocrx_word' id='word_1_141' title='bbox 665 1330 817 1373; x_wconf 80' lang='lat' dir='ltr'>bluntt&#39;anconio</span> 
     </span>
     <span class='ocr_line' id='line_1_18' title="bbox 59 1398 675 1454; baseline 0.002 -14"><span class='ocrx_word' id='word_1_142' title='bbox 59 1400 161 1454; x_wconf 59' lang='lat' dir='ltr'>evulgata.</span> <span class='ocrx_word' id='word_1_143' title='bbox 171 1400 249 1453; x_wconf 83' lang='lat' dir='ltr'>jactura</span> <span class='ocrx_word' id='word_1_144' title='bbox 264 1398 378 1453; x_wconf 79' lang='lat' dir='ltr'>hnjiisnoti</span> <span class='ocrx_word' id='word_1_145' title='bbox 392 1404 500 1453; x_wconf 90' lang='lat' dir='ltr'>utcumque</span> <span class='ocrx_word' id='word_1_146' title='bbox 516 1401 586 1441; x_wconf 90' lang='lat' dir='ltr'>sarciri</span> <span class='ocrx_word' id='word_1_147' title='bbox 602 1405 675 1453; x_wconf 83' lang='lat' dir='ltr'>potest.</span> 
     </span>
    </p>

    <p class='ocr_par' dir='ltr' id='par_1_5' title="bbox 57 1469 817 1720">
     <span class='ocr_line' id='line_1_19' title="bbox 116 1469 817 1524; baseline 0 -13"><span class='ocrx_word' id='word_1_148' title='bbox 116 1470 139 1511; x_wconf 89' lang='lat' dir='ltr'>V.</span> <span class='ocrx_word' id='word_1_149' title='bbox 161 1469 240 1524; x_wconf 80' lang='lat' dir='ltr'>Integra</span> <span class='ocrx_word' id='word_1_150' title='bbox 254 1470 340 1511; x_wconf 83' lang='lat' dir='ltr'>Pastoris</span> <span class='ocrx_word' id='word_1_151' title='bbox 357 1475 423 1511; x_wconf 83' lang='lat' dir='ltr'>exstat</span> <span class='ocrx_word' id='word_1_152' title='bbox 437 1470 574 1523; x_wconf 86' lang='lat' dir='ltr'>interpretatio</span> <span class='ocrx_word' id='word_1_153' title='bbox 590 1470 657 1521; x_wconf 84' lang='lat' dir='ltr'>latina,</span> <span class='ocrx_word' id='word_1_154' title='bbox 674 1470 731 1524; x_wconf 88' lang='lat' dir='ltr'>eujus</span> <span class='ocrx_word' id='word_1_155' title='bbox 747 1474 817 1511; x_wconf 84' lang='lat' dir='ltr'>auctor</span> 
     </span>
     <span class='ocr_line' id='line_1_20' title="bbox 58 1539 816 1593; baseline 0 -13"><span class='ocrx_word' id='word_1_156' title='bbox 58 1540 137 1593; x_wconf 91' lang='lat' dir='ltr'>penitus</span> <span class='ocrx_word' id='word_1_157' title='bbox 147 1540 282 1593; x_wconf 89' lang='lat' dir='ltr'>incompertus</span> <span class='ocrx_word' id='word_1_158' title='bbox 294 1544 330 1579; x_wconf 84' lang='lat' dir='ltr'>esi.</span> <span class='ocrx_word' id='word_1_159' title='bbox 356 1539 411 1581; x_wconf 90' lang='lat' dir='ltr'>Haec</span> <span class='ocrx_word' id='word_1_160' title='bbox 422 1541 489 1581; x_wconf 90' lang='lat' dir='ltr'>versio</span> <span class='ocrx_word' id='word_1_161' title='bbox 501 1540 637 1592; x_wconf 89' lang='lat' dir='ltr'>antiquissima</span> <span class='ocrx_word' id='word_1_162' title='bbox 650 1539 708 1580; x_wconf 87' lang='lat' dir='ltr'>facile</span> <span class='ocrx_word' id='word_1_163' title='bbox 721 1539 816 1593; x_wconf 88' lang='lat' dir='ltr'>putanda,</span> 
     </span>
     <span class='ocr_line' id='line_1_21' title="bbox 57 1608 816 1663; baseline 0 -13"><span class='ocrx_word' id='word_1_164' title='bbox 57 1613 127 1663; x_wconf 84' lang='lat' dir='ltr'>utpote</span> <span class='ocrx_word' id='word_1_165' title='bbox 143 1622 194 1663; x_wconf 89' lang='lat' dir='ltr'>quae</span> <span class='ocrx_word' id='word_1_166' title='bbox 210 1609 326 1650; x_wconf 81' lang='lat' dir='ltr'>Tertulliani</span> <span class='ocrx_word' id='word_1_167' title='bbox 342 1614 407 1651; x_wconf 87' lang='lat' dir='ltr'>aetate</span> <span class='ocrx_word' id='word_1_168' title='bbox 423 1609 486 1651; x_wconf 88' lang='lat' dir='ltr'>fuisse</span> <span class='ocrx_word' id='word_1_169' title='bbox 502 1609 581 1650; x_wconf 88' lang='lat' dir='ltr'>videtur</span> <span class='ocrx_word' id='word_1_170' title='bbox 597 1609 696 1654; x_wconf 88' lang='lat' dir='ltr'>ecclesiae</span> <span class='ocrx_word' id='word_1_171' title='bbox 709 1608 816 1651; x_wconf 82' lang='lat' dir='ltr'>Africanae</span> 
     </span>
     <span class='ocr_line' id='line_1_22' title="bbox 57 1680 166 1720; baseline -0.018 0"><span class='ocrx_word' id='word_1_172' title='bbox 57 1680 166 1720; x_wconf 89' lang='lat' dir='ltr'>notissima.</span> 
     </span>
    </p>

    <p class='ocr_par' dir='ltr' id='par_1_6' title="bbox 56 1747 816 2219">
     <span class='ocr_line' id='line_1_23' title="bbox 115 1747 816 1803; baseline 0 -15"><span class='ocrx_word' id='word_1_173' title='bbox 115 1749 147 1789; x_wconf 92' lang='lat' dir='ltr'>Vl.</span> <span class='ocrx_word' id='word_1_174' title='bbox 169 1748 199 1789; x_wconf 88' lang='lat' dir='ltr'>De</span> <span class='ocrx_word' id='word_1_175' title='bbox 211 1749 329 1798; x_wconf 83' lang='lat' dir='ltr'>auctoritate</span> <span class='ocrx_word' id='word_1_176' title='bbox 339 1748 427 1790; x_wconf 88' lang='lat' dir='ltr'>Pastoris</span> <span class='ocrx_word' id='word_1_177' title='bbox 438 1749 458 1789; x_wconf 93' lang='lat' dir='ltr'>in</span> <span class='ocrx_word' id='word_1_178' title='bbox 470 1748 562 1800; x_wconf 77' lang='lat' dir='ltr'>ecclesia,</span> <span class='ocrx_word' id='word_1_179' title='bbox 580 1747 605 1789; x_wconf 89' lang='lat' dir='ltr'>de</span> <span class='ocrx_word' id='word_1_180' title='bbox 617 1748 719 1803; x_wconf 82' lang='lat' dir='ltr'>theologia</span> <span class='ocrx_word' id='word_1_181' title='bbox 730 1747 816 1788; x_wconf 86' lang='lat' dir='ltr'>Hermae</span> 
     </span>
     <span class='ocr_line' id='line_1_24' title="bbox 58 1815 815 1871; baseline 0.001 -14"><span class='ocrx_word' id='word_1_182' title='bbox 58 1821 77 1858; x_wconf 85' lang='lat' dir='ltr'>ei</span> <span class='ocrx_word' id='word_1_183' title='bbox 93 1817 117 1858; x_wconf 89' lang='lat' dir='ltr'>de</span> <span class='ocrx_word' id='word_1_184' title='bbox 133 1816 173 1858; x_wconf 90' lang='lat' dir='ltr'>fine</span> <span class='ocrx_word' id='word_1_185' title='bbox 188 1817 284 1858; x_wconf 90' lang='lat' dir='ltr'>librorum</span> <span class='ocrx_word' id='word_1_186' title='bbox 301 1818 344 1871; x_wconf 88' lang='lat' dir='ltr'>ejus</span> <span class='ocrx_word' id='word_1_187' title='bbox 360 1817 421 1858; x_wconf 86' lang='lat' dir='ltr'>adeas</span> <span class='ocrx_word' id='word_1_188' title='bbox 438 1817 581 1858; x_wconf 83' lang='lat' dir='ltr'>Jacbmannum</span> <span class='ocrx_word' id='word_1_189' title='bbox 598 1816 622 1871; x_wconf 84' lang='lat' dir='ltr'>[l.</span> <span class='ocrx_word' id='word_1_190' title='bbox 639 1831 655 1858; x_wconf 91' lang='lat' dir='ltr'>c.</span> <span class='ocrx_word' id='word_1_191' title='bbox 672 1830 690 1870; x_wconf 90' lang='lat' dir='ltr'>p.</span> <span class='ocrx_word' id='word_1_192' title='bbox 707 1816 735 1858; x_wconf 81' lang='lat'>68</span> <span class='ocrx_word' id='word_1_193' title='bbox 750 1815 815 1871; x_wconf 77' lang='lat' dir='ltr'>sqq),</span> 
     </span>
     <span class='ocr_line' id='line_1_25' title="bbox 56 1885 815 1943; baseline -0.001 -15"><span class='ocrx_word' id='word_1_194' title='bbox 56 1888 176 1940; x_wconf 88' lang='lat' dir='ltr'>Lumpermn</span> <span class='ocrx_word' id='word_1_195' title='bbox 189 1886 217 1941; x_wconf 71' lang='lat'>²),</span> <span class='ocrx_word' id='word_1_196' title='bbox 233 1888 349 1940; x_wconf 76' lang='lat' dir='ltr'>Hepnsium</span> <span class='ocrx_word' id='word_1_197' title='bbox 365 1888 446 1928; x_wconf 82' lang='lat' dir='ltr'>lunium</span> <span class='ocrx_word' id='word_1_198' title='bbox 463 1892 482 1928; x_wconf 91' lang='lat' dir='ltr'>et</span> <span class='ocrx_word' id='word_1_199' title='bbox 497 1900 536 1928; x_wconf 89' lang='lat' dir='ltr'>van</span> <span class='ocrx_word' id='word_1_200' title='bbox 552 1887 606 1928; x_wconf 87' lang='lat' dir='ltr'>Gilse</span> <span class='ocrx_word' id='word_1_201' title='bbox 618 1885 646 1943; x_wconf 76' lang='grc'>3),</span> <span class='ocrx_word' id='word_1_202' title='bbox 664 1885 815 1940; x_wconf 61' lang='lat' dir='ltr'>obstiterunt),</span> 
     </span>
     <span class='ocr_line' id='line_1_26' title="bbox 56 1953 816 2012; baseline -0.004 -13"><span class='ocrx_word' id='word_1_203' title='bbox 56 1957 152 1999; x_wconf 84' lang='lat' dir='ltr'>Liiobium</span> <span class='ocrx_word' id='word_1_204' title='bbox 163 1955 196 2011; x_wconf 80' lang='grc'>5),</span> <span class='ocrx_word' id='word_1_205' title='bbox 211 1957 356 1998; x_wconf 89' lang='lat' dir='ltr'>Weinricbium</span> <span class='ocrx_word' id='word_1_206' title='bbox 368 1954 400 2012; x_wconf 78' lang='grc'>6),</span> <span class='ocrx_word' id='word_1_207' title='bbox 416 1956 566 2011; x_wconf 80' lang='lat' dir='ltr'>Hilgenfeldnm</span> <span class='ocrx_word' id='word_1_208' title='bbox 578 1954 611 2011; x_wconf 79' lang='lat'>⁷),</span> <span class='ocrx_word' id='word_1_209' title='bbox 632 1957 746 1997; x_wconf 84' lang='lat' dir='ltr'>Doruerum</span> <span class='ocrx_word' id='word_1_210' title='bbox 757 1953 779 2011; x_wconf 84' lang='grc'>8)</span> <span class='ocrx_word' id='word_1_211' title='bbox 796 1962 816 1997; x_wconf 90' lang='lat' dir='ltr'>et</span> 
     </span>
     <span class='ocr_line' id='line_1_27' title="bbox 56 2023 815 2080; baseline -0.004 -12"><span class='ocrx_word' id='word_1_212' title='bbox 56 2028 117 2079; x_wconf 84' lang='lat' dir='ltr'>alios,</span> <span class='ocrx_word' id='word_1_213' title='bbox 136 2027 212 2067; x_wconf 86' lang='lat' dir='ltr'>collatis</span> <span class='ocrx_word' id='word_1_214' title='bbox 228 2027 264 2078; x_wconf 88' lang='lat' dir='ltr'>iis,</span> <span class='ocrx_word' id='word_1_215' title='bbox 286 2028 372 2079; x_wconf 90' lang='lat' dir='ltr'>quaein</span> <span class='ocrx_word' id='word_1_216' title='bbox 389 2028 492 2080; x_wconf 78' lang='lat' dir='ltr'>T&#39;ubinger</span> <span class='ocrx_word' id='word_1_217' title='bbox 505 2026 567 2068; x_wconf 88' lang='lat' dir='ltr'>theol.</span> <span class='ocrx_word' id='word_1_218' title='bbox 583 2025 736 2074; x_wconf 82' lang='lat' dir='ltr'>Quartalschritt</span> <span class='ocrx_word' id='word_1_219' title='bbox 753 2023 815 2067; x_wconf 78' lang='lat'>1839.</span> 
     </span>
     <span class='ocr_line' id='line_1_28' title="bbox 56 2093 816 2151; baseline -0.001 -14"><span class='ocrx_word' id='word_1_220' title='bbox 56 2111 74 2151; x_wconf 92' lang='lat' dir='ltr'>p.</span> <span class='ocrx_word' id='word_1_221' title='bbox 88 2093 203 2138; x_wconf 73' lang='lat' dir='ltr'>tre-181</span> <span class='ocrx_word' id='word_1_222' title='bbox 219 2100 238 2137; x_wconf 89' lang='lat' dir='ltr'>et</span> <span class='ocrx_word' id='word_1_223' title='bbox 253 2095 305 2137; x_wconf 87' lang='lat' dir='ltr'>intra</span> <span class='ocrx_word' id='word_1_224' title='bbox 321 2096 341 2137; x_wconf 92' lang='lat' dir='ltr'>in</span> <span class='ocrx_word' id='word_1_225' title='bbox 356 2097 408 2137; x_wconf 90' lang='lat' dir='ltr'>notis</span> <span class='ocrx_word' id='word_1_226' title='bbox 425 2095 449 2137; x_wconf 89' lang='lat' dir='ltr'>ad</span> <span class='ocrx_word' id='word_1_227' title='bbox 460 2096 535 2138; x_wconf 85' lang='lat' dir='ltr'>Similit.</span> <span class='ocrx_word' id='word_1_228' title='bbox 546 2096 579 2149; x_wconf 83' lang='lat' dir='ltr'>IX,</span> <span class='ocrx_word' id='word_1_229' title='bbox 596 2110 612 2138; x_wconf 90' lang='lat' dir='ltr'>c.</span> <span class='ocrx_word' id='word_1_230' title='bbox 625 2094 637 2137; x_wconf 88' lang='lat'>5</span> <span class='ocrx_word' id='word_1_231' title='bbox 652 2101 672 2136; x_wconf 92' lang='lat' dir='ltr'>et</span> <span class='ocrx_word' id='word_1_232' title='bbox 687 2096 699 2138; x_wconf 91' lang='lat'>6</span> <span class='ocrx_word' id='word_1_233' title='bbox 716 2094 816 2137; x_wconf 89' lang='lat' dir='ltr'>monenda</span> 
     </span>
     <span class='ocr_line' id='line_1_29' title="bbox 56 2166 174 2219; baseline 0.008 -14"><span class='ocrx_word' id='word_1_234' title='bbox 56 2166 174 2219; x_wconf 82' lang='lat' dir='ltr'>putarimus.</span> 
     </span>
    </p>
   </div>
   <div class='ocr_carea' id='block_1_4' title="bbox 79 2266 815 2430">
    <p class='ocr_par' dir='ltr' id='par_1_7' title="bbox 79 2266 815 2430">
     <span class='ocr_line' id='line_1_30' title="bbox 81 2266 815 2314; baseline 0.001 -12"><span class='ocrx_word' id='word_1_235' title='bbox 81 2268 100 2314; x_wconf 83' lang='grc'>1)</span> <span class='ocrx_word' id='word_1_236' title='bbox 114 2267 147 2302; x_wconf 80' lang='lat' dir='ltr'>Cir.</span> <span class='ocrx_word' id='word_1_237' title='bbox 157 2270 237 2304; x_wconf 77' lang='lat' dir='ltr'>Gallond.</span> <span class='ocrx_word' id='word_1_238' title='bbox 244 2267 287 2302; x_wconf 88' lang='lat' dir='ltr'>Bibl.</span> <span class='ocrx_word' id='word_1_239' title='bbox 295 2267 314 2301; x_wconf 86' lang='grc' dir='ltr'>Τ.</span> <span class='ocrx_word' id='word_1_240' title='bbox 319 2267 331 2301; x_wconf 93' lang='lat' dir='ltr'>l.</span> <span class='ocrx_word' id='word_1_241' title='bbox 338 2267 426 2312; x_wconf 83' lang='lat' dir='ltr'>pllXVll.</span> <span class='ocrx_word' id='word_1_242' title='bbox 469 2268 487 2312; x_wconf 83' lang='lat'>5]</span> <span class='ocrx_word' id='word_1_243' title='bbox 501 2270 568 2310; x_wconf 71' lang='lat' dir='ltr'>Lilaea,</span> <span class='ocrx_word' id='word_1_244' title='bbox 577 2268 676 2313; x_wconf 83' lang='lat' dir='ltr'>Einleitung</span> <span class='ocrx_word' id='word_1_245' title='bbox 683 2268 738 2302; x_wconf 83' lang='lat' dir='ltr'>indie</span> <span class='ocrx_word' id='word_1_246' title='bbox 748 2266 815 2303; x_wconf 79' lang='lat' dir='ltr'>ottenb.</span> 
     </span>
     <span class='ocr_line' id='line_1_31' title="bbox 79 2326 775 2396; baseline -0.006 -11"><span class='ocrx_word' id='word_1_247' title='bbox 79 2350 98 2392; x_wconf 80' lang='lat'>2)</span> <span class='ocrx_word' id='word_1_248' title='bbox 112 2352 200 2396; x_wconf 77' lang='lat' dir='ltr'>Lumpcr,</span> <span class='ocrx_word' id='word_1_249' title='bbox 214 2349 252 2384; x_wconf 86' lang='lat' dir='ltr'>hist.</span> <span class='ocrx_word' id='word_1_250' title='bbox 266 2350 318 2384; x_wconf 85' lang='lat' dir='ltr'>theol.</span> <span class='ocrx_word' id='word_1_251' title='bbox 333 2350 369 2383; x_wconf 88' lang='lat' dir='ltr'>crit.</span> <span class='ocrx_word' id='word_1_252' title='bbox 383 2348 401 2382; x_wconf 84' lang='lat' dir='ltr'>T.</span> <span class='ocrx_word' id='word_1_253' title='bbox 413 2348 426 2383; x_wconf 91' lang='lat' dir='ltr'>I.</span> <span class='ocrx_word' id='word_1_254' title='bbox 444 2326 526 2395; x_wconf 30' lang='lat' dir='ltr'>mannis?</span> <span class='ocrx_word' id='word_1_255' title='bbox 538 2338 554 2371; x_wconf 76' lang='lat' dir='ltr'>p</span> <span class='ocrx_word' id='word_1_256' title='bbox 568 2327 599 2394; x_wconf 29' lang='lat' dir='ltr'>&#39;Ml</span> <span class='ocrx_word' id='word_1_257' title='bbox 614 2338 651 2391; x_wconf 82' lang='lat' dir='ltr'>sqq.</span> <span class='ocrx_word' id='word_1_258' title='bbox 688 2385 691 2392; x_wconf 41' lang='lat'><em>¹</em></span> <span class='ocrx_word' id='word_1_259' title='bbox 771 2386 775 2393; x_wconf 46' lang='grc'>,</span> 
     </span>
     <span class='ocr_line' id='line_1_32' title="bbox 469 2384 815 2430; baseline 0.003 -13"><span class='ocrx_word' id='word_1_260' title='bbox 469 2384 488 2429; x_wconf 86' lang='grc'>6)</span> <span class='ocrx_word' id='word_1_261' title='bbox 504 2387 604 2427; x_wconf 42' lang='lat' dir='ltr'>testamen,</span> <span class='ocrx_word' id='word_1_262' title='bbox 624 2385 667 2430; x_wconf 82' lang='lat' dir='ltr'>disq.</span> <span class='ocrx_word' id='word_1_263' title='bbox 686 2396 703 2418; x_wconf 90' lang='lat' dir='ltr'>m</span> <span class='ocrx_word' id='word_1_264' title='bbox 721 2385 815 2418; x_wconf 85' lang='lat' dir='ltr'>doctrinam</span> 
     </span>
    </p>
   </div>
   <div class='ocr_carea' id='block_1_5' title="bbox 56 2408 814 2545">
    <p class='ocr_par' dir='ltr' id='par_1_8' title="bbox 56 2408 814 2545">
     <span class='ocr_line' id='line_1_33' title="bbox 56 2408 814 2489; baseline 0.032 -35"><span class='ocrx_word' id='word_1_265' title='bbox 56 2408 184 2452; x_wconf 62' lang='lat'>6116‘145&#39;</span> <span class='ocrx_word' id='word_1_266' title='bbox 218 2483 222 2489; x_wconf 36' lang='grc' dir='ltr'>Ι</span> <span class='ocrx_word' id='word_1_267' title='bbox 445 2442 526 2476; x_wconf 84' lang='lat' dir='ltr'>moralem</span> <span class='ocrx_word' id='word_1_268' title='bbox 539 2443 560 2475; x_wconf 86' lang='lat' dir='ltr'>ab</span> <span class='ocrx_word' id='word_1_269' title='bbox 573 2442 635 2476; x_wconf 87' lang='lat' dir='ltr'>Herma</span> <span class='ocrx_word' id='word_1_270' title='bbox 652 2443 668 2475; x_wconf 93' lang='lat' dir='ltr'>in</span> <span class='ocrx_word' id='word_1_271' title='bbox 682 2441 753 2476; x_wconf 90' lang='lat' dir='ltr'>Pastore</span> <span class='ocrx_word' id='word_1_272' title='bbox 771 2453 814 2487; x_wconf 92' lang='lat' dir='ltr'>pro-</span> 
     </span>
     <span class='ocr_line' id='line_1_34' title="bbox 80 2481 685 2545; baseline 0.035 -30"><span class='ocrx_word' id='word_1_273' title='bbox 80 2482 99 2526; x_wconf 78' lang='lat'>3]</span> <span class='ocrx_word' id='word_1_274' title='bbox 109 2481 264 2516; x_wconf 83' lang='lat' dir='ltr'>Commentationes</span> <span class='ocrx_word' id='word_1_275' title='bbox 272 2482 364 2516; x_wconf 86' lang='lat' dir='ltr'>dePatrum</span> <span class='ocrx_word' id='word_1_276' title='bbox 371 2488 426 2527; x_wconf 87' lang='lat' dir='ltr'>apost.</span> <span class='ocrx_word' id='word_1_277' title='bbox 444 2501 521 2545; x_wconf 59' lang='lat' dir='ltr'>positam,</span> <span class='ocrx_word' id='word_1_278' title='bbox 545 2499 621 2533; x_wconf 70' lang='lat' dir='ltr'>numen.</span> <span class='ocrx_word' id='word_1_279' title='bbox 635 2500 685 2533; x_wconf 70' lang='lat'>1801.</span> 
     </span>
    </p>
   </div>
   <div class='ocr_carea' id='block_1_6' title="bbox 55 2540 814 2777">
    <p class='ocr_par' dir='ltr' id='par_1_9' title="bbox 55 2540 814 2661">
     <span class='ocr_line' id='line_1_35' title="bbox 56 2540 814 2604; baseline 0.005 -14"><span class='ocrx_word' id='word_1_280' title='bbox 56 2540 269 2585; x_wconf 59' lang='lat' dir='ltr'>d⁰⁰1si⁰³¹¹¹⁰ffifil³·83</span> <span class='ocrx_word' id='word_1_281' title='bbox 282 2552 318 2586; x_wconf 66' lang='lat'>⁵11·</span> <span class='ocrx_word' id='word_1_282' title='bbox 332 2552 349 2586; x_wconf 79' lang='lat' dir='ltr'>P·</span> <span class='ocrx_word' id='word_1_283' title='bbox 359 2540 427 2586; x_wconf 68' lang='lat'>995‘1‘1·</span> <span class='ocrx_word' id='word_1_284' title='bbox 469 2560 488 2603; x_wconf 77' lang='lat'>7)</span> <span class='ocrx_word' id='word_1_285' title='bbox 501 2559 611 2604; x_wconf 75' lang='lat' dir='ltr'>Hitpenfetat‚</span> <span class='ocrx_word' id='word_1_286' title='bbox 630 2558 657 2591; x_wconf 88' lang='lat' dir='ltr'>die</span> <span class='ocrx_word' id='word_1_287' title='bbox 671 2557 742 2602; x_wconf 86' lang='lat' dir='ltr'>apostol.</span> <span class='ocrx_word' id='word_1_288' title='bbox 756 2557 814 2594; x_wconf 74' lang='lat' dir='ltr'>varen</span> 
     </span>
     <span class='ocr_line' id='line_1_36' title="bbox 55 2596 689 2661; baseline 0.03 -32"><span class='ocrx_word' id='word_1_289' title='bbox 55 2607 72 2641; x_wconf 89' lang='lat' dir='ltr'>p.</span> <span class='ocrx_word' id='word_1_290' title='bbox 85 2596 107 2630; x_wconf 82' lang='lat'>85</span> <span class='ocrx_word' id='word_1_291' title='bbox 121 2608 158 2643; x_wconf 87' lang='lat' dir='ltr'>sqq.</span> <span class='ocrx_word' id='word_1_292' title='bbox 444 2617 498 2651; x_wconf 80' lang='lat' dir='ltr'>lenae</span> <span class='ocrx_word' id='word_1_293' title='bbox 511 2615 562 2648; x_wconf 72' lang='lat'>1853.</span> <span class='ocrx_word' id='word_1_294' title='bbox 575 2628 592 2661; x_wconf 91' lang='lat' dir='ltr'>p.</span> <span class='ocrx_word' id='word_1_295' title='bbox 607 2616 639 2649; x_wconf 90' lang='lat'>165</span> <span class='ocrx_word' id='word_1_296' title='bbox 653 2626 689 2660; x_wconf 85' lang='lat' dir='ltr'>sqq.</span> 
     </span>
    </p>

    <p class='ocr_par' dir='ltr' id='par_1_10' title="bbox 57 2672 814 2777">
     <span class='ocr_line' id='line_1_37' title="bbox 78 2672 814 2720; baseline -0.001 -11"><span class='ocrx_word' id='word_1_297' title='bbox 78 2672 98 2717; x_wconf 81' lang='grc'>4]</span> <span class='ocrx_word' id='word_1_298' title='bbox 112 2675 185 2716; x_wconf 77' lang='lat' dir='ltr'>ttttter,</span> <span class='ocrx_word' id='word_1_299' title='bbox 195 2673 282 2720; x_wconf 82' lang='lat' dir='ltr'>Patrolog.</span> <span class='ocrx_word' id='word_1_300' title='bbox 291 2673 309 2708; x_wconf 89' lang='grc' dir='ltr'>Τ.</span> <span class='ocrx_word' id='word_1_301' title='bbox 318 2673 331 2708; x_wconf 92' lang='grc' dir='ltr'>Ι.</span> <span class='ocrx_word' id='word_1_302' title='bbox 343 2684 360 2718; x_wconf 87' lang='lat' dir='ltr'>p.</span> <span class='ocrx_word' id='word_1_303' title='bbox 370 2673 426 2708; x_wconf 83' lang='lat'>160-</span> <span class='ocrx_word' id='word_1_304' title='bbox 468 2673 487 2718; x_wconf 88' lang='grc'>8)</span> <span class='ocrx_word' id='word_1_305' title='bbox 500 2676 582 2717; x_wconf 81' lang='lat' dir='ltr'>Doruer,</span> <span class='ocrx_word' id='word_1_306' title='bbox 595 2674 650 2708; x_wconf 88' lang='lat' dir='ltr'>Lehre</span> <span class='ocrx_word' id='word_1_307' title='bbox 662 2684 697 2707; x_wconf 91' lang='lat' dir='ltr'>von</span> <span class='ocrx_word' id='word_1_308' title='bbox 710 2673 741 2706; x_wconf 91' lang='lat' dir='ltr'>der</span> <span class='ocrx_word' id='word_1_309' title='bbox 749 2672 814 2708; x_wconf 87' lang='lat' dir='ltr'>Person</span> 
     </span>
     <span class='ocr_line' id='line_1_38' title="bbox 57 2730 813 2777; baseline 0.003 -13"><span class='ocrx_word' id='word_1_310' title='bbox 57 2730 95 2765; x_wconf 90' lang='lat'>106.</span> <span class='ocrx_word' id='word_1_311' title='bbox 115 2733 200 2767; x_wconf 75' lang='lat' dir='ltr'>Albanae.</span> <span class='ocrx_word' id='word_1_312' title='bbox 214 2730 232 2766; x_wconf 85' lang='lat' dir='ltr'>T.</span> <span class='ocrx_word' id='word_1_313' title='bbox 246 2731 258 2765; x_wconf 89' lang='grc' dir='ltr'>Ι.</span> <span class='ocrx_word' id='word_1_314' title='bbox 272 2743 288 2777; x_wconf 79' lang='lat' dir='ltr'>p.</span> <span class='ocrx_word' id='word_1_315' title='bbox 303 2732 330 2765; x_wconf 80' lang='lat' dir='ltr'>tt.</span> <span class='ocrx_word' id='word_1_316' title='bbox 446 2731 512 2767; x_wconf 81' lang='lat' dir='ltr'>Christi.</span> <span class='ocrx_word' id='word_1_317' title='bbox 532 2731 578 2767; x_wconf 87' lang='lat' dir='ltr'>Edit.</span> <span class='ocrx_word' id='word_1_318' title='bbox 591 2733 611 2768; x_wconf 95' lang='lat' dir='ltr'>Il.</span> <span class='ocrx_word' id='word_1_319' title='bbox 627 2732 645 2767; x_wconf 87' lang='lat' dir='ltr'>T.</span> <span class='ocrx_word' id='word_1_320' title='bbox 658 2732 671 2767; x_wconf 92' lang='grc' dir='ltr'>Ι.</span> <span class='ocrx_word' id='word_1_321' title='bbox 684 2742 701 2776; x_wconf 87' lang='lat' dir='ltr'>p.</span> <span class='ocrx_word' id='word_1_322' title='bbox 715 2731 813 2768; x_wconf 79' lang='lat'>185-213.</span> 
     </span>
    </p>
   </div>
   <div class='ocr_carea' id='block_1_7' title="bbox 0 0 888 2987">
    <p class='ocr_par' dir='ltr' id='par_1_11' title="bbox 0 0 888 2987">
     <span class='ocr_line' id='line_1_39' title="bbox 0 0 888 2987; baseline 0 1"><span class='ocrx_word' id='word_1_323' title='bbox 0 0 888 2987; x_wconf 95' lang='lat' dir='ltr'> </span> 
     </span>
    </p>
   </div>
  </div>
 </body>
</html>
