1765 2987
79 162 96 197 S.
108 160 207 206 uenatu]
363 158 543 195 ruotuuuuuua.
788 161 839 196 LXIX

78 267 197 321 Ruiuartus,
218 269 326 323 presbyter
341 281 353 309 e
369 267 532 322 Congregatione
549 269 568 312 S.
584 260 659 323 blauri,
680 271 700 312 in
717 267 839 320 Appendiee

79 339 108 378 ccl
123 338 177 378 Actu
190 340 307 391 primorum
322 338 436 391 Martyrum
452 340 536 380 sincero
550 346 611 393 utque
625 342 708 381 selecto.
740 339 839 380 Graecum

78 413 144 449 autem
167 408 207 450 hec
230 409 334 462 exemplar
357 421 401 449 cum
427 409 507 462 antiqua
530 413 625 452 versione
650 411 725 453 codicis
749 410 839 451 Citiensis

77 479 165 519 maxime
176 480 293 531 convenire,
306 480 368 520 cuivis
381 492 407 520 ex
418 479 527 520 leriuseula
539 480 647 521 collatione
655 481 713 523 lacile
725 486 803 523 constat
814 478 838 535 ¹).

136 549 184 590 Post
205 549 321 590 Ruinartum
344 550 452 603 praecipue
474 549 570 601 Grabius,
594 550 682 604 litigius,
704 553 797 593 Smithius
819 556 839 592 ct

77 619 204 660 Jacobsonus
220 619 270 660 Acta
285 624 366 673 nostra,
382 620 466 674 mendis,
483 607 623 674 quaepassin
639 621 769 675 irrepserant,
787 622 838 662 sub-

77 690 128 741 latis,
146 688 256 731 ediderunt.

135 760 157 801 Il.
188 760 239 802 Aeta
259 760 321 812 haec,
344 765 366 802 ut
387 773 431 801 cum
453 760 535 803 Smithio
555 760 637 813 loquar,
661 774 689 814 ,a
710 760 838 802 familiaribus

77 830 96 874 S.
108 830 185 885 Ignatii,
202 832 236 885 qui
247 831 353 872 Antiochia
364 830 446 872 Romam
457 844 522 884 usque
537 831 589 872 illum
607 835 653 872 sunt
669 833 762 884 comitati,
778 836 838 885 atquc

76 903 129 944 illius
145 902 213 944 ultimo
230 908 250 944 et
261 903 346 944 maxime
358 902 449 957 glorioso
465 902 525 956 agoni
539 900 656 954 interfuere,
673 902 773 956 descripta
785 915 838 954 esse,

76 973 136 1013 rnrrlta
152 973 172 1012 in
189 974 237 1026 ipsis
253 973 309 1014 Actis
325 972 345 1013 id
361 972 509 1013 testatissimum
531 971 623 1013 reddunt.
654 973 675 1013 ln
694 973 724 1013 his
740 973 792 1014 enim
809 973 839 1013 sic

75 1044 190 1098 loquuntur,
207 1045 241 1097 qui
258 1057 281 1085 ea
297 1044 367 1084 litteris
384 1043 497 1084 tradidere:
513 1034 587 1095 Ἡμεῖς
601 1038 640 1095 μὲν
654 1035 741 1091 ἄκοντες
756 1034 837 1097 drupye'-

74 1114 144 1167 pedu,
165 1110 272 1161 στένοντες
287 1110 325 1155 ἐπὶ
340 1112 372 1168 τῷ
387 1110 425 1169 ἀφ’
440 1106 498 1169 ἡμῶν
512 1109 608 1167 μέλλοντι
623 1117 727 1171 χωρισμῴ
746 1112 788 1154 cod
802 1112 836 1155 δι-

74 1180 135 1226 ucu'ou
151 1179 248 1239 γίνεσθαι
259 1182 286 1240 ⁹).
317 1185 342 1226 Et
357 1184 457 1225 nonnullis
473 1184 583 1238 interjectis
599 1185 636 1224 suh
656 1184 727 1225 linctu:
751 1177 837 1225 Τούτων

75 1248 183 1296 αὐτόπται
198 1252 303 1309 γενόμενοι
314 1252 341 1310 ³).
372 1254 438 1305 Haec,
459 1253 550 1306 inquam,
573 1253 651 1306 aliaque
663 1251 684 1308 ⁴)
704 1259 761 1294 extra
777 1267 836 1295 omne

75 1326 155 1366 dubium
175 1330 262 1380 ponunt,
283 1338 294 1366 a
315 1326 333 1367 S.
349 1324 420 1379 ignatii
442 1323 546 1365 comitibus
566 1323 617 1364 Acta
637 1323 751 1378 hujusmodi
773 1323 836 1365 luisse

74 1395 198 1449 perscripta;
220 1400 240 1437 et
262 1395 341 1449 quidem
362 1406 402 1435 non
417 1395 480 1448 longe
496 1398 541 1448 post
557 1394 619 1448 ipsius
637 1396 835 1447 consummationem,

75 1470 95 1507 et
111 1466 215 1518 proximo,
236 1470 258 1506 ut
278 1466 440 1506 verisimillimum
456 1464 545 1516 videtur,
567 1477 631 1514 anrr0;
653 1466 698 1506 dum
715 1478 749 1506 res
766 1469 835 1520 gestae

76 1549 120 1577 curn
132 1536 191 1577 totius
203 1537 279 1577 itineris
291 1536 399 1577 rationein
411 1536 488 1576 recenti
497 1535 574 1576 fidelius
585 1535 709 1577 inhaeserint
719 1535 834 1577 nrenmr·ia.“

136 1606 195 1658 ,illos
218 1612 283 1647 autem
307 1606 370 1647 luisse
390 1606 493 1646 Philonem
518 1610 538 1646 et
560 1605 727 1660 Agathopodem,
751 1618 836 1659 quorum

75 1677 163 1717 meminit
183 1676 411 1728 sanctissimus'llartyr
432 1676 451 1715 in
474 1676 563 1728 epistolis
584 1675 608 1716 ad
628 1676 750 1730 Smyrnaeus
772 1681 792 1716 et
811 1676 835 1716 ad

74 1746 257 1799 Philadelphenses,
273 1745 326 1786 huno
337 1739 462 1796 Antiochiae,
479 1745 532 1785 illum
548 1757 598 1785 vero
614 1745 720 1786 Tarsensis
737 1746 835 1786 ecclesiae

75 1815 186 1868 diaconum,
202 1817 237 1857 rix
253 1828 264 1856 a
281 1827 381 1868 quoquam
398 1815 481 1855 dubitari
497 1819 530 1855 aut
544 1819 611 1867 potest
625 1820 658 1855 aut
673 1815 751 1855 debet.“
779 1816 835 1855 Hac-

74 1890 132 1926 tenus
148 1886 246 1928 Smithius.
278 1885 393 1926 Gallandius
404 1882 426 1939 ⁵)
442 1884 509 1935 addit,
523 1885 600 1926 Philoni
616 1889 636 1943 et
651 1885 780 1940 Agathopodi
796 1884 834 1925 ad-

71 1955 197 2009 jungendum
221 1956 291 1996 saltem
315 1968 360 1996 esse
383 1956 498 1996 nominatim
522 1961 542 1996 et
565 1955 663 2008 Crocum,
690 1957 724 2009 qui
745 1960 834 1997 sanctum

73 2027 179 2082 llartprem
195 2028 276 2068 Romam
292 2039 357 2081 usque
373 2031 484 2068 assectatus
500 2025 563 2066 fuisse
580 2026 696 2079 perhibetur
707 2023 735 2079 θ).

131 2097 161 2137 lll.
184 2097 311 2138 Authcutieu
321 2102 341 2137 et
351 2098 439 2150 genuina
450 2102 558 2137 censentur
566 2096 616 2136 Acta
628 2101 696 2136 nestra
708 2098 732 2136 ab
743 2095 833 2148 Usserie,

72 2166 191 2220 Dodwelln,
211 2167 320 2219 Ruinarto,
342 2167 426 2219 Grabio,
448 2167 586 2218 Tillernontio,
605 2166 725 2217 Pearsnni0,
742 2166 832 2217 Smithic,

73 2237 185 2291 Cotelerio,
200 2238 310 2279 illamachio
323 2233 355 2292 ⁷),
372 2237 475 2279 Gallandio
487 2234 521 2292 ὃ),
537 2237 638 2290 Lurnpero
650 2235 683 2293 ⁹),
699 2237 790 2278 lllbhlero
803 2234 833 2290 ¹⁰)

486 2388 504 2431 7)
519 2388 597 2433 Origines
605 2393 622 2423 et
628 2388 709 2435 Antiquit.
717 2387 772 2423 christ.
780 2384 798 2422 Τ.
804 2385 832 2422 IV.

462 2459 478 2491 p.
492 2447 532 2482 lot.
545 2448 585 2482 lut.
738 2488 740 2491 .

485 2505 503 2546 8)
520 2504 600 2539 Biblioth.
618 2504 685 2539 Petrum
702 2505 720 2539 Τ.
734 2506 746 2539 Ι.
764 2505 831 2551 Prelrg.

127 2561 145 2595 E.
152 2574 168 2606 g.
175 2565 279 2605 uuruuubusr
286 2566 319 2600 τοῖς
326 2560 399 2602 ἀδελφοῖς
406 2563 441 2597 cll.
461 2574 477 2607 p.
491 2561 517 2596 LX
529 2574 566 2608 sqq.
595 2579 597 2582 ’

126 2619 169 2652 Bihl.
179 2621 261 2655 Veterum
270 2621 336 2655 Patrum
346 2621 363 2655 T.
372 2621 385 2657 1.
399 2621 442 2656 Pre—
484 2622 504 2665 9)
517 2622 557 2656 llist.
571 2621 622 2656 theol.
637 2623 673 2656 crit.
690 2620 709 2655 T.
721 2620 742 2655 ll.
760 2632 777 2666 p.
790 2622 830 2656 428.

70 2678 104 2723 leg.
118 2688 134 2721 p.
148 2676 180 2712 LX.
460 2679 499 2713 433.

94 2737 113 2779 6)
125 2735 157 2780 Ep.
170 2735 206 2782 ign.
219 2737 241 2772 ad
253 2738 301 2775 Rern.
315 2750 330 2773 e.
345 2738 372 2773 10.
473 2738 502 2783 10)
515 2737 578 2772 Patrol.
592 2738 610 2774 T.
619 2737 636 2773 l.
649 2750 666 2785 p.
679 2738 713 2773 408
726 2750 751 2785 sq.
