1765 2987
183 191 276 226 HERllAE
289 190 379 227 Pastum
404 193 469 227 LIBER
482 193 509 229 Ill,
535 194 619 229 SllllLlT.
633 194 660 231 VI.
760 197 803 239 395

44 300 66 344 ἐν
79 294 251 351 &accomodare
266 297 336 356 ἕτερον
353 292 415 357 ὕβρι-

44 363 127 423 ζόμενοι
137 361 182 409 rirrd
192 368 234 409 τῶν
244 364 365 420 ἐλαττόνων,
379 368 414 410 καὶ
430 372 510 412 Plurimi
522 373 573 426 enim
585 372 705 413 inconstanti
716 373 802 414 oonsilio

43 433 344 496 ἑτέραιςποικίλαιςυιραξεσι.
355 438 414 481 ΠολΓ
431 441 490 482 multa
506 446 614 494 conantur,
635 454 674 483 nec
694 443 802 496 quidquam

42 507 76 550 toi
90 505 130 563 peip
147 502 304 558 οἶαιινασυιὶνυες
324 506 346 550 ἐν
366 508 413 558 ταῖς
431 511 524 552 conducit
536 512 577 561 eis;
590 515 609 551 ct
618 511 685 553 dicunt
695 514 715 553 in
725 514 801 554 actibus

41 576 127 632 βουλαῖς
161 572 229 618 αὐτῶν
262 572 413 632 ἐπιβάλλονται
430 580 479 633 suis,
495 592 611 621 successum
626 592 649 621 se
664 593 705 621 non
719 582 800 623 trabere.

42 645 71 695 εἰς
86 637 157 688 nollet
166 640 287 703 πράγματα,
302 646 338 689 καὶ
351 646 413 691 oridia
430 650 553 691 Succurrunt
563 650 587 689 iis
600 662 629 701 ea,
647 662 698 703 quae
708 652 801 704 nequiter

42 713 114 765 αὐτοῖς
145 711 212 773 ἅλιος,
226 714 347 770 dandulum,
376 717 412 760 καὶ
430 718 528 769 lecerunt,
539 722 559 757 et
569 718 674 759 Dominum
689 725 801 761 causantur.

43 783 226 843 δυσχεραίνουσιν,
245 784 279 827 καὶ
297 782 321 828 οὐ
337 782 412 843 αινώο-
431 787 494 834 Quum
503 787 563 839 igitur
571 788 663 840 perpessi
672 788 746 829 luerint
755 802 802 830 om-

41 868 121 905 κοοσιν,
141 850 175 897 ὅτι
191 850 227 898 dcci
241 851 271 897 cd
287 852 380 914 corripiel,
399 856 414 898 ἑὶ
430 867 475 896 nem
486 857 614 897 venationem
626 861 645 897 et
654 860 802 899 omueincom-

42 922 147 983 ἔπραξαν,
169 920 206 967 οὐκ
223 919 357 968 adadomen-
378 925 413 967 καὶ
430 925 516 977 modum,
532 930 579 966 tunc
595 927 698 968 traduntur
714 928 761 968 milri
776 928 801 968 ad

41 990 118 1038 λοιπον
132 992 265 1052 αἰ[υιιῦνυαι]
279 991 318 1038 σον
333 993 412 1053 κύριον,
429 995 501 1035 bonam
513 995 674 1048 admonitionem,
686 1002 706 1037 et
716 998 800 1038 firman-

40 1063 74 1106 καὶ
91 1058 128 1106 οὐκ
143 1062 254 1117 ανέχουσαν
273 1062 314 1114 scic
333 1064 412 1113 λοιπιές
429 1065 495 1104 turin
511 1064 551 1105 lide
562 1065 647 1117 Domini,
664 1071 684 1106 et
697 1079 734 1120 per
748 1067 800 1107 reli-

40 1129 118 1191 ἡμέρας
143 1128 212 1175 αὐτῶν
241 1131 411 1192 ἐπιστρέψαντες
429 1145 480 1185 quos
494 1133 535 1174 dies
546 1136 599 1175 vitae
613 1136 703 1176 serviunt
713 1136 799 1176 Domino

40 1203 154 1246 δουλεῦσαι
173 1203 205 1258 τῷ
221 1204 269 1258 Θεῷ
288 1201 309 1245 ἐν
324 1204 412 1261 καθαρᾷ
428 1208 495 1243 mente
505 1210 560 1256 pura.
586 1204 611 1245 Et
622 1217 682 1257 quum
696 1207 801 1258 coeperint

40 1270 120 1331 καρδία.
152 1266 191 1313 ”Aa
216 1260 241 1314 dd
265 1271 411 1329 μετανοήσωσι
428 1271 546 1312 delictorum
567 1286 630 1326 agere
651 1276 799 1327 poenitentiam,

40 1341 74 1384 καὶ
94 1337 230 1399 etaerupem,
251 1341 410 1393 admonuerim,
429 1346 475 1381 tunc
501 1341 612 1383 ascendunt
636 1344 656 1383 in
679 1344 799 1397 praecordia

41 1411 74 1456 ὅτι
90 1409 126 1454 dcci
140 1410 169 1453 roi
183 1407 234 1469 ἔργα
249 1407 320 1453 utana
332 1409 359 1454 να
368 1425 410 1454 rro-
429 1425 498 1453 eorum
515 1425 577 1466 opera
592 1424 635 1467 sua,
651 1416 671 1455 in
690 1417 760 1469 quibus
777 1429 799 1456 se

40 1479 91 1539 ruppe}
102 1477 139 1524 οὐκ
154 1479 278 1524 edododvro·
293 1480 329 1523 καὶ
344 1475 411 1529 odrico
429 1483 521 1535 nequiter
543 1489 690 1534 exercuerunt3
715 1489 735 1524 et
754 1489 801 1524 tunc

41 1545 157 1604 δοξάζουσι
172 1544 307 1608 corripior,
328 1548 361 1592 dcc
378 1548 411 1592 di·
430 1551 476 1592 dant
498 1552 542 1592 Deo
566 1553 676 1605 honorem,
705 1553 801 1606 dicentes,

40 1636 100 1670 κιιιος
115 1618 188 1678 κριτής
201 1618 262 1670 ἐστιν,
278 1617 313 1660 καὶ
325 1618 412 1669 δικαίας
427 1622 501 1675 justum
514 1622 602 1674 Jodicem
619 1635 663 1662 eum
682 1635 734 1673 esse,
755 1636 802 1663 mc-

41 1687 132 1741 i'nndov,
143 1688 178 1731 καὶ
188 1681 347 1745 ἐσαιδεύθηοαν
358 1687 412 1732 ruod
429 1691 508 1743 rituque
524 1702 547 1731 se
563 1692 628 1732 omnia
645 1703 691 1732 esse
712 1704 800 1746 perpes-

41 1757 80 1810 υιές
95 1754 186 1818 πράξεις
201 1756 277 1818 nortia.
429 1771 464 1801 sos
479 1759 590 1801 secundum
606 1760 657 1802 facta
672 1773 714 1802 sua.

41 1830 62 1872 ln
77 1831 178 1884 reliquum
193 1842 243 1870 uero
260 1828 350 1870 serviunt
361 1829 404 1870 Deo
416 1833 483 1870 mente
493 1841 549 1883 pura,
566 1834 586 1870 et
599 1841 716 1871 successum
727 1831 801 1871 liabent

41 1902 61 1941 in
81 1902 169 1955 negotiis
190 1900 232 1941 suis
254 1900 355 1951 omnibus,
377 1900 498 1952 accipientes
514 1910 526 1940 a
541 1899 638 1951 Domino,
662 1912 800 1954 quaecumque

41 1975 131 2023 poscunt.
161 1969 186 2010 Et
202 1974 248 2011 tunc
263 1970 337 2024 gratias
353 1973 414 2022 agunt
425 1969 517 2020 Domino,
533 1969 587 2021 quod
604 1969 643 2010 sint
658 1970 705 2010 mihi
721 1960 799 2021 traditi;

41 2053 78 2081 nec
92 2042 133 2096 jam
149 2039 256 2094 quidquam
272 2039 392 2082 crudelitatis
407 2038 528 2092 patirrntrrr.“

99 2110 130 2149 lV.
154 2110 204 2150 Dico
215 2110 254 2149 illi:
267 2110 399 2161 „etiamnund
412 2109 498 2158 domine,
510 2108 625 2149 demonstra
636 2109 703 2150 mihi.“
728 2111 801 2163 „Quid

41 2179 161 2233 inquiris?“
182 2180 251 2232 inquit.
283 2179 327 2218 Dixi
344 2179 373 2219 ei:
398 2191 440 2231 „an
461 2190 499 2231 per
518 2177 570 2218 idern
585 2181 663 2232 tempus
679 2181 800 2232 crucientur,

42 2250 75 2301 qui
91 2250 195 2290 discedunt
211 2261 221 2288 a
237 2249 365 2300 timore-Dei,
381 2253 475 2301 quantum
491 2250 522 2290 usi
539 2247 614 2289 luerint
629 2249 679 2290 falsa
694 2251 800 2291 dulcedine

42 2331 64 2358 ac
75 2318 240 2372 voluptatibus?“
256 2318 298 2358 vdit
309 2319 367 2359 mihi:
384 2319 496 2373 „peridem
508 2323 585 2372 tempus
598 2319 655 2359 etiam
665 2319 798 2359 cruciantur.“

41 2386 65 2427 Et
85 2388 126 2428 nixi
146 2388 174 2429 ei:
197 2389 311 2443 „exiguum
327 2389 387 2443 igitur
404 2390 528 2439 cruciantur;
552 2389 658 2441 oportebat
672 2393 737 2428 autem
756 2380 799 2440 eos,

42 2458 75 2510 qui
91 2458 120 2499 sio
136 2459 249 2512 percipiunt
264 2458 383 2512 voluptates,
399 2464 421 2500 ut
435 2460 541 2499 Dominum
558 2457 706 2507 obliviscantur,
723 2458 798 2511 septies

41 2531 116 2568 tantum
128 2528 168 2581 pati
179 2529 309 2580 poenarumf⁴
335 2529 368 2569 Ait
379 2529 435 2569 milri:
453 2529 532 2580 „fatuus
544 2540 572 2578 es,
586 2538 624 2566 nec
634 2527 728 2581 intelligis
739 2527 799 2581 hujus

42 2608 121 2649 poenae
136 2597 249 2639 vi1·tutem.“
281 2597 306 2638 Et
323 2599 373 2639 dixi:
391 2599 421 2650 „si
433 2598 483 2638 enim
498 2596 637 2650 intelligerem,
654 2594 740 2649 domine,
756 2608 799 2638 non

42 2666 195 2720 interrogarem,
212 2670 233 2707 ut
248 2666 397 2709 demonstrares
413 2667 479 2710 ruiti.“
