1765 2987
76 169 93 206 S.
106 166 244 211 Peltatam]
368 163 540 200 Puutuuuntttun.
779 167 836 203 LXXV

76 277 231 330 Smyrnaeorum
248 273 365 327 episcopum
379 271 403 312 ab
416 271 464 324 ipsis
476 271 605 316 familiaribus
617 287 640 316 ac
651 275 746 316 ministris
756 275 836 317 Domini

77 348 212 395 constitutum,
228 347 274 397 post
284 339 388 382 Irenaeum
404 341 415 381 l.
431 354 447 382 e.
464 342 522 383 tradit
531 343 631 385 Eusebius
643 344 669 401 ¹),
686 346 715 386 sie
731 346 835 386 scribens:

79 415 125 458 Tria
145 405 282 456 Ἀποσνόλων
306 405 406 467 ὁμιλριὴς
429 410 583 470 Uoltumnae,
606 417 643 471 τῆς
665 409 720 456 arcad
741 413 836 473 Σμύρναν

76 483 183 541 ἐκκλησίας
196 480 253 540 πρὸς
267 481 310 522 τῶν
325 475 440 522 atramina
454 480 491 524 aad
506 480 618 540 ὑπηρετῶν
633 484 674 526 aad
687 483 780 543 Kopion,
797 480 835 542 τήν

74 546 194 609 ἐπισκοπὴν
209 547 395 608 ἐγκεχειρισμένος.
425 552 474 607 Ejus
495 557 560 594 lamen
582 555 680 595 ecclesiae
698 558 834 610 episcopatum

75 627 98 666 ab
107 626 185 667 loanne
195 622 293 678 Apostolo
302 623 366 678 ipsum
376 624 486 676 accepisse,
497 624 565 677 prodit
573 625 708 665 Tertullianus
715 623 748 679 ²):
762 626 834 667 Edant

74 709 135 747 enyo,
151 694 226 748 inquit,
242 694 335 747 oriyines
352 693 488 734 ecclesiarum
504 706 605 742 suarum;
626 695 723 735 evolvant
739 696 835 736 ordinem

74 766 222 818 episcoporum
231 776 325 813 suorum,
337 764 369 804 ita
377 776 415 816 per
424 764 568 804 successiones
578 763 603 804 ab
612 765 673 805 initio
682 766 833 816 decurrentem,

73 841 97 876 ut
107 836 189 888 primns
205 835 241 875 ille
257 835 370 886 episcopus
386 834 477 886 aliquem
493 846 520 873 en
535 833 643 886 Apostolis
659 836 693 876 uel
708 835 834 887 apostolicis

73 906 139 955 airis,
164 906 199 956 qui
223 910 291 945 tamen
315 916 361 944 curn
384 903 494 955 Apostolos
510 906 711 955 ‘perseuerauerium
736 905 835 946 babuerit

74 982 179 1017 auctorem
191 980 210 1016 et
220 981 373 1016 antecessorem
381 1005 386 1014 .
394 1006 398 1014 ,
407 1006 411 1015 .
420 1005 424 1014 .
435 975 491 1015 sicut
498 975 661 1028 Smyrnaeorum
672 976 762 1017 ecclesia
770 976 833 1029 Poly-

73 1059 159 1098 carpnm
170 1046 196 1086 ab
208 1046 292 1087 Joanue
303 1044 428 1086 collocatam
440 1047 509 1097 refert.
540 1045 612 1099 Neque
625 1046 682 1086 aliter
695 1058 744 1087 sane
757 1046 833 1087 Hiero-

72 1128 143 1171 nymus
155 1114 189 1170 ῆι
205 1116 342 1169 Polycarpum,
358 1115 448 1156 dammis
464 1115 562 1168 Apostoli
579 1117 709 1168 discipulas,
729 1123 748 1158 et
764 1116 790 1157 ab
807 1130 831 1158 eo

72 1187 173 1241 Smyrnae
189 1187 300 1239 episcopus
317 1186 452 1226 oratiorusf‘

129 1256 180 1296 Num
203 1256 329 1309 praeclarum
352 1256 400 1296 illud
423 1257 568 1308 testimonium,
591 1258 644 1310 quod
668 1259 688 1300 in
709 1257 831 1311 Apocalypsi

71 1326 153 1367 loannis
171 1322 209 1380 (2,
226 1323 328 1379 8—11.)
344 1323 423 1378 Anyelc
439 1325 540 1379 Smyrnae
563 1328 662 1369 ecclesiae
681 1328 784 1378 tribuitur,
806 1326 831 1366 ad

70 1396 203 1449 Polycarpum
219 1400 309 1436 nostrum
325 1396 350 1435 sit
365 1395 501 1447 referendum,
514 1397 562 1451 jure
578 1398 696 1449 dubitamus,
716 1410 776 1450 quom
792 1408 831 1437 nec

71 1479 134 1508 annus
154 1466 261 1507 natiuitatis
284 1466 302 1507 S.
323 1466 440 1520 Polycnrpi,
463 1479 500 1507 nee
522 1472 611 1521 tempus,
634 1480 673 1521 quo
694 1465 829 1520 Apocalypsis
848 1456 852 1463 ’

71 1538 186 1589 coriscripla
203 1541 240 1587 est,
257 1536 314 1576 nobis
330 1536 388 1589 plane
404 1538 518 1578 innotuerit.
649 1530 651 1533 ’

130 1606 191 1661 „Ejus
207 1611 273 1646 autem
289 1606 347 1646 animi
364 1610 383 1647 et
399 1608 491 1661 corporis
508 1606 577 1659 dotes,
596 1607 696 1660 pietatem,
713 1605 830 1656 doctrinam,

70 1688 148 1717 morum
159 1676 277 1729 gravitatem
290 1688 357 1716 eoram
369 1681 477 1729 spectatus,
486 1678 588 1730 ¹(graphice
601 1677 691 1730 depingit
702 1676 798 1716 irenaeus
807 1671 830 1727 Ι)

70 1746 100 1787 his
117 1747 184 1786 verbis
195 1732 297 1786 Florinum
313 1745 420 1786 allocutus:
441 1745 487 1786 Vidi
498 1752 523 1796 te,
541 1759 603 1799 qaum
614 1747 683 1787 auam
691 1758 746 1797 puer
757 1757 829 1793 essem,

69 1817 91 1856 in
111 1815 213 1866 iniseriore
234 1814 288 1856 Asia
310 1807 368 1867 apud
386 1815 535 1869 Polycarpum,
558 1816 666 1868 splendide
690 1820 783 1867 ayeutem
806 1813 829 1853 in

67 1887 158 1938 palatio,
170 1892 190 1926 et
200 1898 327 1938 maynopere
338 1886 477 1936 laborantem,
488 1892 512 1926 at
522 1892 540 1926 te
547 1880 580 1927 illi
589 1885 727 1938 approbares.
746 1882 829 1923 Etenim

69 1969 106 2006 ea,
128 1968 180 2008 quae
203 1961 251 1996 tnnc
272 1956 370 2008 temporis
391 1962 450 2010 yesta
469 1962 529 2009 srrnt,
550 1957 623 1997 melius
641 1955 743 1996 memoria
762 1958 828 2002 teneo,

5 2076 9 2079 ι
69 2039 130 2080 quam
146 2027 191 2073 illa,
209 2038 263 2079 quae
278 2023 346 2077 nuper
358 2027 493 2074 accitanam
553 2027 606 2066 adea
618 2031 641 2065 ut
652 2030 672 2065 et
682 2025 749 2064 locam
760 2024 829 2074 ipsam

66 2097 147 2148 possim
163 2096 245 2147 dicere,
266 2096 289 2135 in
305 2108 345 2147 quo
361 2095 434 2136 heatus
448 2096 579 2149 Polycarpus
600 2095 676 2135 sedens
697 2092 829 2140 disserebat5

65 2179 179 2218 processus
200 2178 280 2218 quoque
303 2167 348 2216 ejus
369 2170 389 2205 et
408 2166 528 2217 inpressas,
550 2166 608 2204 uitae
626 2164 689 2204 totius
703 2162 793 2213 [orarium
809 2167 830 2202 et

68 2237 165 2288 corporis
176 2236 266 2287 speciem
273 2247 280 2282 ,·
291 2247 397 2289 sermones
409 2236 505 2288 deniqne,
520 2247 573 2287 yuos
584 2233 613 2273 ad
621 2234 720 2288 populum
731 2231 826 2283 lambebat,

68 2312 88 2345 et
96 2304 224 2356 faeniliurern
235 2305 412 2355 consuetudinem,
424 2318 478 2357 qaae
486 2305 518 2344 illi
527 2316 573 2349 aum
580 2294 670 2351 Joaune,
682 2307 705 2341 ut
716 2301 826 2350 narrabat,

67 2381 87 2415 et
102 2389 148 2416 carn
162 2375 256 2427 reliquis,
273 2375 309 2426 qui
324 2374 518 2425 Danrinamipsum
534 2374 645 2422 uidissent,
664 2373 826 2419 intercesserat,¹

68 2450 87 2485 et
102 2446 194 2497 qualiter
210 2445 268 2484 dicta
287 2445 373 2484 illorum
393 2443 579 2489 carameruarabat;
599 2447 619 2481 et
638 2453 790 2493 quaecumque
801 2440 826 2478 ale

66 2515 158 2556 Derriino
175 2514 201 2555 ab
217 2515 292 2554 iisdem
307 2512 412 2553 audierat.
442 2513 475 2553 De
495 2512 605 2552 miraculis
624 2523 704 2564 quaque
726 2509 784 2549 illius
800 2521 826 2548 aa

91 2616 110 2658 Ι)
122 2614 165 2648 Ηίετ,
178 2615 220 2649 ecel.
233 2615 262 2658 tlt,
276 2614 304 2648 36.
405 2641 407 2643 .
478 2614 497 2654 4)
510 2613 542 2657 Ep.
552 2613 573 2646 ad
581 2613 644 2647 Florin.
652 2612 697 2656 apud
705 2613 772 2646 [tresel.
781 2609 824 2644 Hist.

90 2671 148 2720 2J⁴De
161 2674 250 2717 praescript.
263 2683 278 2707 c.
292 2672 320 2706 32.
455 2671 497 2706 eccl.
510 2671 531 2714 V,
544 2670 573 2704 20.

90 2730 108 2773 3)
122 2730 148 2764 De
159 2731 198 2763 uiris
212 2731 271 2764 illustr.
285 2743 299 2765 e.
314 2731 340 2764 17.
