1765 2987
207 166 300 203 nuntiata
313 166 403 203 PASTOR.
427 169 492 205 LIBER
504 170 517 205 l.
542 170 600 206 VISIO
613 169 641 205 Ill·
762 171 804 214 335

46 281 119 320 terrain
135 274 216 330 vadunt,
233 279 253 319 et
265 289 305 319 nou
319 280 366 318 sunt
380 274 455 332 ¹politi,
471 279 516 322 illos
528 280 582 322 Deus
593 279 692 335 probarit,
709 278 804 333 quoniam

45 347 133 402 ingressi
148 351 194 388 sunt
209 348 230 388 in
246 346 381 401 2aequiratem
392 340 478 404 Domini,
494 357 514 392 et
530 352 647 399 direxerunt
659 350 702 402 vias
713 351 732 392 in
744 364 804 391 nrau-

45 418 95 460 datis
111 419 161 473 eJ'us.
186 418 224 466 Qui
234 423 299 458 autern
311 418 434 473 adferuntur,
450 425 469 463 et
480 427 580 476 ponuntur
591 423 611 464 in
621 427 722 464 structura
734 422 802 475 turriS,

43 489 57 529 ii
72 493 118 529 sunt
133 487 207 528 novelli
223 488 307 541 infide,
324 493 344 529 er
359 490 435 531 srdeles.
467 491 624 535 Gornrnonentur
640 498 705 534 autern
722 493 745 533 ab
762 505 812 550 an-¹

44 558 95 614 gelis
112 557 136 599 ad
152 558 325 613 benefaciendum,
341 566 448 615 propterea
462 562 517 616 quod
527 575 567 604 non
579 568 610 604 est
621 564 701 605 inventa
712 562 801 615 nequitia

43 631 63 671 in
82 629 140 670 illis.“
173 630 243 682 ,Quos
263 634 328 671 autern
348 631 466 686 reficiebant
487 638 506 674 et
525 635 628 687 ponebant
646 635 704 688 juxta
723 634 801 684 turriru,

14 740 16 748 ἶ
44 700 77 755 qui
92 705 139 742 sunt
154 701 211 742 itur<
237 700 271 742 Ait
281 702 337 743 mihi:
356 703 382 755 „ii
392 708 444 755 sunt,
460 703 493 757 qui
504 708 646 756 peccaverunt,
663 709 683 744 et
693 703 802 744 voluerunt

42 772 184 827 poenitentiam
200 785 274 827 agere;
289 778 372 826 propter
388 774 427 814 hoc
442 785 483 814 non
496 779 543 814 suut
553 773 615 828 longe
625 772 711 827 projecti
722 785 733 812 a
745 772 801 823 turri,

42 843 137 896 quouiarn
153 842 212 883 utiles
228 847 286 884 erunt
301 844 322 884 in
337 848 445 897 structura,
461 844 477 884 si
493 844 635 898 poenitentiam
651 843 736 898 egerint.
763 842 802 891 Qui

42 924 93 967 ergo
108 913 252 966 poenitentiam
268 915 331 954 acturi
346 919 408 966 suut,
427 915 444 954 si
463 915 542 969 egerint
557 914 712 969 poenitentiam,
736 913 800 954 fortes

42 985 101 1023 erunt
111 982 131 1023 in
142 981 188 1035 fide,
205 984 222 1024 si
233 995 286 1024 nunc
296 984 438 1039 poenitentiam
450 985 535 1039 egerint,
550 983 596 1025 durn
607 984 722 1025 aedificatur
733 984 799 1024 turris.
861 981 863 983 ’

42 1050 107 1094 ³Narn
122 1053 140 1094 si
156 1057 291 1095 vconsummata
304 1053 365 1095 fuerit
375 1059 481 1106 structura,
496 1055 537 1109 Jaru
549 1055 593 1108 quis
604 1067 644 1096 non
656 1054 716 1094 lrabet
725 1053 799 1104 locum,

41 1124 75 1165 ubi
90 1128 182 1178 ponatur,
198 1124 235 1167 sed
251 1125 288 1166 erit
303 1126 402 1179 reprobus
408 1139 414 1177 3
430 1124 556 1167 solumunodo
567 1129 632 1167 autern
647 1123 798 1175 “hochabebit

41 1194 75 1247 qui
88 1195 129 1249 jaru
145 1194 169 1236 ad
185 1196 253 1236 turrirn
269 1196 346 1249 positus
363 1196 414 1236 est.“
521 1187 528 1195 ²

100 1264 131 1306 Vl.
149 1265 201 1318 ,Qui
212 1269 276 1306 auteur
286 1265 434 1318 recidebantur,
445 1270 466 1306 et
475 1265 536 1321 longe
547 1266 704 1320 projiciebantur·
715 1277 725 1305 a
735 1268 798 1315 turre,

40 1336 71 1376 vis
86 1335 145 1387 scire,
162 1336 196 1389 qui
212 1335 289 1376 suut?“
317 1336 402 1389 ,Volo,“
419 1335 505 1389 iuquam,
522 1336 635 1388 ,dominat
664 1336 692 1389 ,li
706 1339 751 1394 sunt
764 1333 798 1375 filii

39 1406 161 1460 iniquitatis,
178 1407 247 1460 etqui
263 1406 391 1447 crediderunt
406 1407 426 1447 in
442 1407 579 1458 simulatione,
595 1411 615 1446 et
631 1404 694 1447 curnis
710 1405 798 1458 nequitia

39 1489 81 1518 non
97 1477 189 1517 discessit
205 1477 228 1517 ab
246 1477 279 1518 eis.
307 1477 391 1530 Propter
406 1477 445 1518 boc
459 1490 499 1518 non
514 1477 588 1518 habent
599 1477 688 1527 salutern,
705 1476 798 1529 quouiarn

40 1559 80 1589 non
95 1551 141 1588 sunt
152 1547 210 1587 utiles
221 1547 240 1587 in
252 1551 358 1599 structura,
374 1551 456 1601 propter
467 1548 565 1601 nequitias
576 1558 629 1588 suas.
656 1544 798 1600 ⁵Quapropter

40 1618 104 1659 excisi
119 1623 165 1659 sunt
181 1622 201 1658 et
215 1618 277 1673 lenge
293 1618 378 1672 projecti
392 1623 475 1672 propter
489 1619 539 1659 irarn
550 1618 635 1669 Dornini,
652 1617 697 1671 quia
709 1628 797 1658 exacer-

39 1689 138 1730 baverunt
153 1701 204 1730 eurn.
235 1688 331 1731 Caeteros
347 1692 412 1729 autern
427 1688 515 1743 lapides,
533 1700 583 1742 quos
599 1687 665 1729 uldisti
681 1687 796 1739 complures

38 1760 122 1813 positos,
139 1771 179 1800 non
196 1763 266 1800 euntes
282 1759 302 1800 in
317 1763 443 1810 structuram,
457 1759 472 1799 ii
483 1759 568 1813 quidem,
585 1759 618 1812 qui
629 1757 720 1799 scabrosi
732 1761 795 1809 eraut,

38 1830 58 1870 hi
74 1834 130 1882 sunt,
151 1830 185 1883 qui
205 1833 345 1884 cognoverunt
365 1830 480 1881 veritatem,
501 1834 520 1870 et
535 1841 573 1871 nec
589 1825 760 1881 6pernrauserunt
775 1828 795 1868 in

38 1912 73 1952 ea,
90 1913 127 1941 nec
143 1901 243 1954 conjuncti
259 1905 304 1942 sunt
319 1902 405 1950 sauctis;
426 1904 509 1954 propter
524 1900 563 1941 hoc
579 1899 657 1940 inutiles
673 1904 724 1939 sunt.
756 1898 795 1946 Qui

38 1975 102 2011 autern
118 1971 216 2011 scissuras
232 1971 341 2023 habebant,
361 1970 453 2022 bisunt,
470 1971 503 2023 qui
519 1970 569 2011 alius
585 1969 683 2010 aduersus
700 1968 758 2008 aliurn
774 1968 795 2008 in

37 2041 131 2082 cordibus
148 2040 267 2082 discordiam
282 2041 367 2092 habent,
386 2045 461 2082 elnon
477 2042 551 2082 habent
565 2054 635 2095 pacem
650 2041 702 2081 inter
719 2051 753 2090 se;
774 2039 794 2079 iu

36 2112 149 2166 praesentia
166 2100 245 2164 quidern
262 2124 332 2165 pacem
347 2112 456 2164 habentes,
478 2124 538 2165 quunr
555 2117 621 2153 autern
639 2122 690 2152 unus
710 2109 794 2151 abalio

36 2182 159 2234 discesserit,
175 2183 263 2236 nequitia
278 2194 347 2223 eorunr
358 2182 378 2222 in
389 2183 483 2224 cordibus
494 2188 602 2237 permanet.
632 2183 675 2224 Hae
685 2187 731 2223 suut
743 2193 794 2235 ergo

36 2254 148 2306 scissurae,
169 2265 219 2306 quas
240 2252 313 2293 habent
332 2253 414 2307 lapides.
447 2254 485 2303 Qui
503 2266 552 2295 vero
569 2254 620 2295 curti
635 2257 692 2305 suut,
712 2253 726 2293 ii
741 2256 793 2303 sunt,

58 2346 77 2388 1)
90 2344 103 2379 I.
113 2356 128 2379 e.
142 2347 173 2392 qui
183 2357 216 2380 accc
229 2346 311 2391 apostoli,
325 2348 405 2391 episcopi
446 2346 465 2391 4)
478 2345 494 2379 Is
507 2351 572 2379 tanturn
584 2346 641 2379 locurn
653 2344 723 2378 habebit
735 2345 751 2376 in
761 2353 792 2376 ec·

35 2407 80 2445 etc,
98 2416 131 2439 ricc
146 2411 235 2450 rnurtyrcr
251 2410 304 2448 suru5
322 2405 339 2438 hi
353 2405 403 2448 enim,
423 2404 485 2447 clesia,
507 2406 544 2449 qui,
564 2404 603 2438 durn
622 2404 670 2437 turris
688 2401 792 2443 aedificatur,

34 2472 76 2505 prae
89 2463 151 2496 ceteris
165 2463 241 2508 egregii,
254 2462 301 2507 politi
314 2468 358 2496 sunt.
422 2463 542 2507 poeniteutiam
555 2464 596 2506 agit.

38 2521 77 2566 ’2)
90 2519 303 2566 Αεᾳιιίιαθεδικαίωμα,
315 2532 403 2567 praecep·
446 2522 464 2564 5)
485 2520 518 2563 Qui
543 2521 592 2553 iidem
616 2524 682 2552 tantum
706 2517 791 2561 simulant,

34 2585 81 2623 tum5
94 2580 124 2613 clr.
134 2579 165 2624 Ep.
175 2578 225 2612 Barn.
235 2589 249 2612 c,
258 2579 274 2613 2.
287 2590 304 2623 p.
314 2579 330 2613 3.
341 2585 376 2613 not.
386 2580 403 2613 5.
422 2579 534 2612 excludentur
554 2578 575 2611 ab
596 2577 679 2619 ecclesia,
701 2587 744 2621 quae
765 2581 791 2610 est

57 2638 77 2682 3)
89 2638 161 2672 Hermas
174 2637 235 2680 docet,
252 2643 299 2671 entra
312 2637 403 2671 eeclesiam
421 2642 488 2671 sanctu.
514 2634 547 2669 Cfr.
561 2638 623 2677 Ilotbc,
636 2633 675 2668 unt.
688 2646 705 2679 p.
718 2634 758 2668 600.

33 2705 67 2729 nun
80 2695 119 2730 csse
132 2696 208 2730 salutem.
234 2694 268 2730 cn.
282 2694 314 2740 Ep.
327 2695 335 2728 I
350 2695 401 2729 Clern,
444 2694 462 2736 6)
475 2693 546 2727 Hermas
564 2694 586 2727 de
601 2693 693 2728 haereticis
711 2693 790 2739 loquitur.

34 2763 49 2787 c.
63 2755 85 2788 57
98 2760 115 2789 et
128 2757 189 2798 Bolbe,
202 2754 241 2789 Ant.
254 2765 271 2799 p.
285 2754 319 2787 579
332 2765 357 2799 sq.
421 2750 454 2788 Cn.
468 2762 519 2797 supra
531 2757 566 2788 not.
579 2753 596 2786 3.
