1765 2987
256 186 386 228 nianrrnmn
399 192 415 226 s.
430 178 515 229 reunia.
529 193 556 228 iv.
570 193 591 229 v,
761 192 802 234 251

45 302 157 345 extendens
173 314 262 343 amorem
277 302 297 343 in
314 300 423 354 Christum,
446 308 468 343 ut
482 316 519 357 per
534 301 637 356 pulchram
653 300 804 343 cenfessionem

45 377 64 414 et
79 371 165 412 studium
182 383 258 423 eorum,
275 372 307 424 qui
324 383 360 424 pro
377 373 421 426 ejus
438 374 546 413 certamine
561 372 619 413 simul
629 372 694 413 Deum
711 373 803 423 orabant,

45 442 122 483 coelum
141 439 146 464 ¹
156 446 211 482 esset
222 445 347 495 accepturus,
363 445 423 495 utque
435 443 533 495 eeclesiis,
549 455 601 496 qnae
612 443 650 496 ipsi
661 455 698 496 per
710 448 803 483 rectores

43 524 91 554 suos
112 516 254 563 occurrerant,
277 510 390 558 mercedem
411 511 516 562 redderer,
540 510 634 566 ²gratias
655 524 718 567 agens
739 512 802 552 literis

43 583 67 625 ad
84 594 118 623 eas
134 583 210 634 missis,
233 594 244 622 e
261 583 332 635 quibus
349 583 412 636 gratia
428 582 534 637 spiritualis
557 594 601 623 curn
619 582 671 623 netis
689 585 708 622 et
724 582 802 622 adlter-

43 653 149 694 tationihus
173 651 284 694 ³s'tillalrat
317 652 380 701 Quum
407 666 457 707 erge
484 664 554 693 enarres
582 665 633 705 erga
656 664 678 692 se
702 652 803 692 benevole

43 723 126 765 allectos
141 727 240 774 cerneret,
258 723 333 763 veritus
350 728 387 775 est,
403 736 429 763 ne
444 722 527 763 fratrum
543 721 628 762 charitas
641 720 728 761 studium
744 721 804 760 eundi

43 794 67 835 ad
79 794 142 834 Deum
154 794 257 845 incideret,
274 793 319 834 dum
335 793 418 847 pulchra
432 793 470 846 ipsi
484 796 539 849 esset
553 797 622 846 aperta
636 791 723 844 martyrii
736 792 803 845 janua.

43 866 99 914 Quae
115 865 139 905 ad
156 866 262 906 ecclesiam
277 864 414 906 Romanorum
429 863 517 916 scripsit,
533 864 624 917 subjecta
640 866 691 903 sunt.

182 958 256 1003 Lepitar
273 959 301 991 liic
313 957 397 1001 Epistola
409 957 428 991 S.
442 956 510 1003 Iprtott'i
526 955 549 989 od
565 956 663 990 Rooaooos.
688 951 732 989 Vide
748 965 805 1001 supero

229 1029 245 1061 p.
259 1015 293 1049 196
306 1027 343 1061 sqq.

175 1205 199 1246 V.
229 1204 324 1258 lporotios
341 1204 354 1247 ei
369 1205 460 1259 Sonprno
476 1205 563 1246 Roaiam
579 1205 670 1245 ducitur.

101 1286 207 1340 Postquam
224 1298 281 1341 erge,
298 1292 319 1327 m
335 1288 421 1339 volebat,
438 1287 521 1341 epistola
532 1299 568 1327 sua
578 1290 714 1341 repugnantes
726 1286 800 1327 fratres

41 1357 142 1398 Romanos
165 1354 343 1410 *composuissem
365 1371 376 1398 a
396 1347 482 1411 Smyrna
502 1357 583 1397 solvens
605 1354 728 1411 (urgebatur
750 1357 801 1397 enirn

42 1440 53 1468 a
69 1427 163 1467 militibus
180 1424 367 1480 ⁵Chrisloplr0rus,
389 1431 409 1468 ut
428 1427 453 1467 ad
469 1424 567 1480 ⁶pulilica
583 1427 697 1480 spectacula
717 1439 802 1480 rrragnae

41 1497 117 1537 Romae
127 1502 264 1550 properaret,
281 1510 320 1551 quo
336 1509 385 1551 prae
402 1497 465 1538 eculis
481 1497 551 1551 pepuli
566 1497 649 1538 Romani
668 1496 716 1537 teris
732 1497 802 1537 bestiis

43 1568 126 1609 traditus
148 1579 243 1609 ceronam
266 1556 379 1609 certaminis
403 1565 576 1621 consequeretur]
601 1565 675 1620 adpulit
696 1567 802 1615 Troadem.

45 1634 140 1678 ⁷Deinde
157 1638 210 1680 illinc
226 1638 324 1692 Neapolin
341 1639 417 1692 duetus,
433 1652 470 1694 per
486 1638 587 1691 Philippus
603 1638 718 1692 peragravit
732 1638 803 1679 llace-

44 1708 122 1749 denianr
143 1704 183 1765 ⁸et
203 1709 254 1749 ultra
275 1710 333 1749 etiam
356 1722 399 1750 eam
421 1709 476 1763 Epiri
500 1713 588 1762 partem,
612 1704 684 1761 ⁹quae
706 1709 730 1748 ad
752 1708 803 1762 Epi-

43 1778 134 1818 damnum
146 1778 182 1819 sita
197 1783 232 1831 est,
248 1775 291 1820 ¹⁰in
302 1780 403 1820 maritimis
414 1780 464 1820 lneis
476 1780 522 1819 navi
534 1779 621 1829 inventa,
632 1791 669 1831 per
680 1778 802 1819 Adriaticum

43 1860 97 1889 arare
113 1848 215 1902 navigavit
221 1863 227 1899 ;
246 1849 293 1890 inde
310 1849 435 1903 Tyrrhenum
451 1850 569 1903 ingressus,
585 1849 660 1889 insulas
677 1853 696 1889 et
712 1849 802 1889 civitates

42 1918 132 1969 transiit3
153 1919 281 1972 ostensisque
303 1923 373 1961 sancte
393 1921 436 1961 viro
453 1919 551 1971 Puteolis,
570 1918 614 1972 ipse
635 1918 714 1972 quidem
732 1919 803 1973 egredi

42 2024 69 2054 noo
86 2025 100 2043 κ.
113 2023 128 2042 τ.
141 2012 154 2042 i.
178 2010 213 2045 llos
231 2012 299 2045 minima
318 2013 413 2046 mutatione
431 2013 497 2057 putavit
509 2012 553 2053 πεζῇ,
568 2012 608 2057 quia
620 2017 669 2046 vetus
680 2013 737 2045 versio
750 2011 803 2046 latina

41 2069 113 2115 legimus
133 2071 182 2114 napo,
204 2080 246 2111 nam
261 2073 302 2114 adpo
321 2069 413 2115 (ddrerb.)
431 2072 451 2105 ab
465 2070 533 2105 Usserie
547 2071 592 2104 edita
607 2070 666 2103 habet:
685 2073 804 2114 pertransivit

42 2143 66 2159 =
80 2131 133 2173 altra,
148 2130 224 2163 domitor
235 2130 307 2163 tattaeus.
332 2127 351 2161 ln
362 2125 413 2172 'prie-
431 2124 803 2175 lilocedonioonpodos,ottoroamtrins-

41 2187 87 2219 rihus
116 2185 220 2219 editionibus
248 2186 291 2220 alios
321 2193 413 2232 sequentes
431 2188 473 2231 grear),
485 2189 692 2233 prooeodEpidomnimn.
704 2186 803 2220 Lectionem

41 2245 149 2289 scripsimus:
162 2245 188 2275 καὶ
201 2246 238 2289 περὶ,
250 2242 279 2285 rije
288 2241 366 2289 ”Hesper
430 2245 468 2279 disti
482 2245 558 2278 defendit
570 2245 599 2278 Dr.
610 2247 660 2280 Nolte
674 2245 699 2285 (in
710 2246 802 2288 satianter,

41 2301 85 2334 ἔπλει
98 2300 118 2334 τὸ
129 2299 231 2352 Ἀδριατικὸν
247 2303 323 2349 πέλαγοςῚ
340 2305 351 2336 i.
366 2314 381 2336 e.
397 2309 413 2338 et
431 2303 529 2337 Zellschriii
546 2304 574 2337 fiir
590 2302 656 2341 ltalllol.
674 2302 733 2336 Theol.
754 2302 802 2335 Wlen

41 2362 63 2395 od
76 2372 114 2395 enno
122 2362 176 2405 Epiri
186 2367 262 2405 portem,
275 2374 318 2407 queo
331 2363 353 2396 od
364 2363 412 2406 Epi·
432 2361 482 2395 1854.
496 2373 512 2405 p.
526 2362 575 2406 235).

41 2419 124 2453 domnrnn
132 2424 238 2464 ost...poo·
246 2421 357 2454 Adriaticum
364 2431 413 2454 litero
454 2419 498 2458 911.
514 2430 529 2453 e.
547 2419 608 2464 Epirus
625 2428 670 2453 nova
688 2418 801 2463 [septentrio-

40 2479 137 2522 omeo'poeit.
162 2475 196 2509 Sed
213 2488 273 2510 revera
286 2477 361 2521 Ignatius
378 2488 412 2511 nen
431 2478 487 2520 natis),
500 2489 530 2511 seu
539 2477 593 2520 Illyris
602 2488 670 2522 graeca,
684 2476 802 2520 distinguenda

40 2544 72 2577 per
97 2533 201 2567 Adriaticum
229 2546 275 2568 rrrare
299 2535 411 2579 Epidamnum
431 2537 451 2569 alt
464 2536 518 2579 Epiro
532 2541 591 2568 vetere
604 2534 734 2575 (nieridtonatip

41 2591 135 2636 (Epirum),
145 2592 174 2625 sed
184 2592 204 2624 ab
213 2591 307 2636 Epidamno
318 2593 339 2626 ad
348 2593 412 2626 Adria-
444 2594 473 2635 iti]
487 2593 499 2626 I.
513 2604 527 2626 e.
540 2592 568 2625 vel
580 2592 671 2637 Epidamni
686 2591 714 2624 uel
727 2593 801 2636 ripolle-

40 2650 92 2682 ticum
105 2660 151 2683 mure
164 2651 246 2692 pervenit.
271 2652 373 2687 Uiridomarus
387 2651 412 2695 (in
430 2653 480 2692 niae3
494 2653 520 2684 *ex
535 2655 607 2696 utraque
623 2651 667 2684 urbe
684 2652 713 2683 via
729 2649 802 2696 Egnatia

40 2708 123 2750 artarier,
137 2706 236 2740 Zeitsehrilt
245 2708 272 2742 lirr
284 2708 343 2743 histor.
353 2709 412 2743 Theel.
430 2710 495 2742 initium
509 2709 561 2752 cepit.
587 2706 621 2742 cfr.
634 2711 691 2755 Tofol,
704 2709 715 2742 l.
730 2720 744 2743 c.
759 2708 801 2743 Dis-

41 2764 92 2798 1851.
113 2776 130 2811 p.
151 2764 193 2807 268)
213 2774 244 2810 pro
265 2767 302 2811 περὶ
321 2767 412 2813 legendum
430 2772 470 2802 sert.
483 2766 496 2799 l.
510 2778 525 2812 p.
539 2766 550 2800 2
564 2772 581 2800 et
594 2766 610 2801 3.
