1789 2987
35 97 72 131 xlv
328 86 499 134 PROLEGOllENA.
678 86 795 133 [aristosa

110 201 227 251 disseritur,
248 201 270 238 ut
285 197 351 250 palam
366 193 404 245 sit,
426 192 504 237 Aeliam
520 184 650 249 Capitolinam
666 194 755 237 nondum
771 196 794 238 ab

108 271 208 312 Hadriano
224 267 287 308 luisse
304 267 433 307 exstructam.

64 341 92 398 β)
108 343 154 383 Post
174 350 247 380 annum
269 335 322 389 tar,
344 333 434 376 secundo
456 335 509 377 bello
526 335 609 378 ludaico
630 335 697 387 linito,
721 335 796 376 nullum

108 410 191 463 amplius
207 407 342 449 ludaistarum
362 405 473 460 periculum
496 407 568 448 adesse
586 409 672 461 poterat.
702 405 795 459 Denique

63 480 89 537 p]
110 480 181 521 Celsus
200 480 242 534 jam
261 478 315 519 eirca
335 488 408 517 annum
426 473 541 519 rao-too
557 489 583 517 ex
600 478 697 532 epistolae
713 481 796 518 nostrae

109 564 152 605 cap.
164 548 177 591 5
192 545 260 605 (ὑπὲρ
271 546 343 589 πᾶσαν
354 541 459 601 ἁμαρτίαν
469 539 614 604 droptdcepot)
626 548 716 591 convicia
728 551 797 588 contra

110 621 222 674 Apostolos
238 619 331 660 hausisse
346 617 425 658 ridetur
440 614 464 671 Ι).

95 691 128 732 tv.
158 691 281 740 Quibusnam
296 688 406 729 lectoribus
423 687 508 741 epistola
524 687 584 729 fuerit
600 688 705 740 destinata,
721 688 797 741 nullibi,

38 761 150 802 deficiente·
160 760 253 814 pleniore
269 757 395 799 salutationis
411 756 504 809 formula,
520 757 579 798 elaris
594 759 663 800 uerbis
680 771 798 813 expressum

38 835 74 871 est.
106 829 207 884 Origenes
228 827 333 882 epistolam
352 831 442 868 nostram
458 828 583 869 cotlcob'com
598 830 697 880 nominat;
719 830 756 871 sed
773 843 799 871 ex

38 901 178 955 eapite‘primo
191 904 211 941 et
221 900 260 941 fine
271 899 319 939 noni
330 902 390 952 patet,
402 897 426 937 ad
438 903 506 939 certos
516 898 612 952 quosdam
621 900 697 951 lideles,
709 900 799 941 arctiori

38 970 119 1011 vinculo
136 971 213 1011 auctori
226 969 321 1024 junctos,
337 967 413 1008 litteras
429 967 465 1008 has
482 968 545 1009 fuisse
561 968 621 1010 datas.
653 969 799 1023 Argumentum

38 1041 114 1095 primae
130 1041 192 1094 partis
208 1039 305 1093 epistolae
321 1043 341 1079 et
356 1038 416 1080 totius
433 1036 609 1078 demonstrationis
628 1039 733 1079 methodos
750 1052 799 1080 cer-

37 1111 102 1150 tiores
118 1121 156 1150 nos
173 1108 259 1159 faciunt,
280 1111 382 1147 auctorem
398 1105 422 1146 ad
437 1106 511 1158 fideles
527 1118 537 1146 c
553 1106 655 1158 ludaeis,
678 1108 722 1149 sine
738 1108 798 1151 dubio

37 1178 165 1230 Hellenistas,
177 1178 263 1218 instante
274 1176 365 1229 periculo
377 1174 511 1216 Judaistarum
521 1176 584 1217 verba
595 1175 674 1218 lenisse.
696 1177 799 1220 Danielem

38 1247 147 1299 Seberrkel,
164 1248 251 1288 certiora
267 1245 292 1286 de
307 1246 418 1286 lectoribus
434 1246 579 1299 proferentem,
596 1250 672 1289 temere
687 1248 707 1288 id
724 1250 799 1303 egisse,

39 1319 87 1359 alibi
103 1317 284 1358 demonstravimus
296 1313 324 1370 ²).
358 1357 360 1359 ,

98 1387 121 1427 V.
152 1387 206 1427 idem
224 1385 254 1427 vir
270 1383 348 1437 doctos,
364 1385 437 1426 Daniel
452 1384 552 1428 Schenkel
564 1383 597 1441 ³],
613 1390 634 1428 ut
650 1387 704 1429 litem
720 1388 745 1430 de
761 1402 800 1431 au-

38 1458 113 1499 thentia
135 1458 231 1511 epistolae
253 1460 395 1509 componeret,
417 1456 504 1509 probare
526 1461 609 1497 conatus
631 1463 672 1511 est,
697 1460 800 1513 epistolam

38 1528 142 1568 Barnabae
158 1527 266 1581 genuinam
283 1526 362 1577 quidem
379 1536 438 1577 esse,
453 1525 490 1565 sed
506 1538 546 1567 non
562 1527 671 1582 integram,
689 1540 800 1583 omnesque

18 1599 83 1653 ,epus
102 1602 182 1651 partes,
207 1597 255 1638 viris
277 1596 340 1636 doctis
362 1595 503 1648 displicentes,
527 1609 537 1636 a
559 1596 684 1651 Tlrerapeuta
706 1600 799 1653 quodam,

39 1667 197 1708 Christianorum
213 1677 270 1707 saera
286 1669 363 1717 secuto,
381 1665 480 1718 originem
496 1666 595 1717 traxisse,
615 1669 648 1719 qui
664 1671 746 1721 mystica
763 1683 799 1711 sua

38 1738 135 1790 sapientia
155 1737 193 1778 riri
214 1735 318 1789 apostolici
336 1735 413 1776 litteras
434 1747 511 1789 augere
532 1735 557 1776 sit
573 1748 640 1777 ausus.
671 1738 713 1779 Nos
730 1745 799 1782 eontra

37 1808 84 1847 alibi
99 1807 234 1860 integritatem
251 1805 348 1858 epistolae
365 1804 476 1846 defendere
492 1805 603 1846 studuimus
612 1804 640 1860 4).
664 1809 734 1850 Paucis
747 1822 800 1851 nunc

37 1889 81 1918 rem
96 1876 212 1917 absotmm:

99 1943 118 1984 t.
134 1944 233 1984 Secundo
244 1954 281 1982 seu
292 1943 419 1995 paraenetica
430 1955 477 1995 pars
489 1944 592 1996 epistolae,
609 1957 625 1985 c.
639 1944 731 1998 18-21,
747 1960 800 2000 quae

36 2017 78 2069 Jam
94 2019 140 2054 ante
156 2012 297 2055 Sebenlrelium
313 2025 324 2052 a
339 2013 430 2066 pluribus
449 2014 469 2053 in
486 2012 565 2053 dubiurn
581 2015 703 2068 vocabatur,
726 2018 799 2072 quippe

39 2096 91 2138 quae
107 2085 126 2124 in
142 2084 207 2123 veteri
223 2082 319 2122 versione
334 2082 394 2122 latina
410 2094 451 2123 non
467 2088 539 2133 exstet,

68 2152 94 2207 c)
109 2154 150 2206 jam
167 2153 191 2192 ab
208 2151 349 2203 antiquissimis
365 2152 403 2192 illis
419 2153 562 2205 scriptoribus,
578 2139 612 2206 qui
627 2155 685 2207 primi
701 2156 799 2208 epistolae

112 2222 235 2262 mentionem
251 2219 362 2273 iaciebant,
379 2220 481 2262 Clemente
497 2227 517 2263 et
532 2222 634 2281 Origene,
654 2223 704 2266 lecta
721 2230 763 2278 est,
780 2230 799 2267 et

112 2291 192 2332 laudata
208 2295 228 2331 et
244 2289 308 2329 citata.

61 2419 81 2463 1)
95 2419 166 2463 Oripett.
187 2427 201 2450 c.
222 2413 267 2450 Cels.
287 2426 304 2449 n.
318 2416 345 2451 63.
365 2417 383 2451 T.
396 2415 409 2450 Ι.
452 2417 502 2463 3]ln
517 2419 663 2454 trituratoriam:
681 2419 752 2454 Studien
765 2421 799 2454 und

37 2488 54 2520 p.
67 2475 107 2510 era.
428 2475 469 2509 urit.
485 2476 534 2510 isar.
548 2487 565 2520 p.
579 2476 678 2512 esa-osc.
856 2462 869 2482 ·’

61 2534 80 2578 2]
93 2532 111 2566 ln
128 2533 196 2567 libello:
213 2531 409 2572 DoeSendscbrcibcn
451 2533 470 2574 4)
484 2533 556 2579 Tiibing.
582 2534 635 2569 theol.
662 2537 797 2580 Quartalschrift.

39 2593 69 2632 det
82 2595 101 2627 A·
115 2593 210 2629 Borrtobas
220 2598 254 2627 etc.
266 2604 284 2640 p⁴
298 2593 331 2627 132
340 2605 366 2639 sq.
429 2591 479 2626 1839.
490 2591 502 2627 Ι,
515 2604 532 2638 p.
546 2592 568 2626 60
578 2604 615 2640 sqq.
629 2597 674 2630 etin
688 2595 746 2632 libello
759 2608 798 2632 meo

426 2661 477 2698 supra
490 2652 542 2686 citato
554 2662 571 2697 p.
586 2653 619 2686 196
628 2664 665 2703 sqq.
