1765 2987
142 148 145 151 ’
186 152 280 189 uauttnu
293 152 384 188 PASTOR.
408 154 474 191 LIBER
486 156 513 192 lll.
538 156 661 193 statuturo
761 160 802 203 391

46 265 103 305 vivet
119 260 183 302 beor
214 261 264 303 Dum
281 262 331 303 baec
346 262 441 314 loquerer
456 277 545 318 mecum,
560 266 620 307 video
637 279 692 319 eum,
709 280 769 321 quem
786 272 805 309 et

46 334 108 390 prius,
125 331 229 373 sedentem
242 334 299 386 Juxta
315 345 354 384 me,
371 338 389 373 et
405 334 455 375 baec
466 336 511 376 milti
524 336 633 378 dicentem:
652 338 712 391 ,quid
727 338 803 379 dubitas

46 402 184 445 demandatis
200 403 256 453 meis,
273 414 325 454 quae
341 402 375 442 tibi
391 405 500 458 praecepi?
526 406 581 446 Bona
595 412 647 458 sunt,
663 408 803 449 nihilomnino

47 472 168 516 dubitaveris
173 485 180 522 3
197 472 233 512 sed
249 472 311 522 indue
326 472 385 514 fidem
401 473 485 526 Domini,
501 479 520 516 et
534 476 642 517 ambulabis
655 478 676 526 in
693 479 728 517 eis.
758 477 803 532 Ego

46 543 97 584 enim
113 542 132 582 iu
148 542 187 582 illis
203 541 254 583 dabo
271 543 305 583 tibi
321 544 380 584 vires.
411 544 465 585 Haec
481 546 571 587 mandata
587 548 641 588 utilia
657 552 704 588 sunt
716 549 753 599 his,
770 549 803 601 qui

45 614 163 656 delictorum
181 624 264 654 suorum
285 617 330 654 ante
349 614 480 656 admissorum
503 618 570 669 acturi·
586 622 632 657 sunt
652 619 802 671 poenitentiam,

45 685 61 725 si
83 684 103 723 in
127 681 215 724 futurum
238 683 257 722 in
281 684 305 723 iis
321 684 477 739 ambulaverint.
514 686 637 739 Quicumque
660 688 721 741 igitur
744 689 802 740 agitis

44 755 199 810 poenitentiam,
222 754 301 809 abjicite
322 768 332 795 a
353 756 410 796 vobis
427 756 534 809 nequitiam
550 756 608 809 liujus
627 757 695 796 seculi.
725 756 803 796 lnduite

43 835 93 866 vero
111 835 189 864 omnem
205 825 298 865 uirtutem
315 805 336 866 el
350 827 476 879 aequitatem,
493 831 513 865 et
528 827 619 878 poteritis
636 825 738 866 custodire
754 826 804 865 baec

44 892 146 944 mandata;
173 906 240 947 neque
267 894 362 949 deinceps
388 897 485 948 peccetis.
523 895 544 937 Si
567 896 619 936 enim
644 895 738 947 deinceps
761 907 803 936 non

44 964 183 1018 peccaveritis,
199 965 304 1019 plurimum
321 978 347 1005 ex
362 966 463 1020 prioribus
479 966 579 1006 residetis.
608 966 629 1007 ln
643 966 739 1006 mandatis
753 966 802 1006 meis

44 1033 149 1086 ambulate,
166 1040 185 1075 et
200 1035 272 1076 vivetis
284 1035 333 1075 Deo.
363 1034 417 1075 Haec
432 1048 443 1075 a
460 1049 491 1077 me
508 1037 557 1077 ‹ttcta
573 1042 620 1077 sunt
635 1036 713 1077 vobis.“
741 1037 802 1077 Post-

44 1115 102 1156 quam
118 1104 169 1145 liaeo
184 1117 261 1145 mecum
277 1105 356 1146 loeutus
374 1110 414 1157 est,
430 1107 457 1146 ait
472 1107 529 1146 mihi:
550 1118 631 1158 ,eamus
647 1107 667 1146 in
684 1119 764 1160 agrum,
782 1111 802 1146 et

47 1167 153 1228 ¹pa'stores
164 1187 260 1229 pecorum
272 1176 306 1215 tibi
318 1176 441 1217 ostendatur
470 1176 576 1228 „Eanms,“
587 1177 674 1228 inquam,
687 1175 800 1230 „dorninef‘

72 1234 178 1286 2ΪΗλθον
203 1241 233 1293 εἰς
258 1242 346 1295 medior,
378 1241 412 1285 καὶ
461 1243 801 1302 ²Etvenimusinquemdameam-

44 1309 145 1369 [δείκνυσί
159 1312 208 1370 μοι]
224 1313 293 1356 παῖδα
309 1310 413 1356 tualeam
431 1327 499 1369 pum;v
509 1319 528 1356 et
543 1316 583 1357 illie
599 1315 686 1357 ostendit
704 1316 751 1356 milii
763 1317 801 1369 ju-

43 1381 178 1437 ἕνδεὸσμὲνον
194 1377 310 1426 3σύνθεσιν
325 1377 414 1437 ἔνδυμα·
431 1398 503 1426 venem
512 1390 620 1439 pastorem,
631 1386 722 1426 restitum
734 1384 801 1438 θεοσ-

43 1468 85 1495 eron
100 1451 215 1512 upouulmu,
236 1448 341 1506 βόσκοντα
358 1447 413 1512 rrpo'-
432 1455 502 1496 tlresim
533 1455 697 1496 vestimentorum
732 1454 802 1495 colore

44 1524 101 1578 βατα
116 1523 187 1566 πολλοὶ
201 1522 259 1566 λίαν·
274 1522 308 1565 καὶ
319 1520 347 1566 τα
358 1517 414 1582 στρο-
433 1527 535 1567 coccineo,
551 1526 804 1577 Pascebatautempeeora

44 1594 101 1647 βατα
115 1593 183 1636 ταῦτα
197 1585 222 1650 ἦν
238 1588 288 1637 uiuet
300 1594 415 1651 τρυφῶντα
433 1596 521 1649 copiosa,
539 1600 558 1635 el
573 1607 648 1648 pecora
662 1595 694 1635 illa
712 1594 767 1634 velut
783 1593 803 1633 in

21 1676 23 1679 ’
43 1662 79 1705 καὶ
89 1661 135 1706 λίαν
145 1664 291 1716 eneratitae,
302 1652 414 1722 καὶὶλαρα,
433 1666 566 1719 voluptatibus
583 1669 650 1716 erant,
671 1668 691 1704 et
713 1662 802 1716 piurimis

44 1738 160 1792 σκιρτῶντα
176 1727 218 1777 ὦδε
231 1729 293 1777 adast.
318 1731 363 1776 Καὶ
377 1731 414 1775 αὐ-
433 1735 515 1786 deliciis,
532 1740 552 1775 et
562 1735 659 1775 hilaritate
670 1733 801 1782 exsultabant,

43 1802 82 1854 τος
97 1798 110 1848 ὁ
125 1802 203 1862 ποιμήν
218 1804 274 1848 σανα
288 1799 362 1861 ἱλαρὸς
376 1802 415 1846 ἐπὶ
432 1811 452 1847 et
468 1805 586 1847 exsultantia
605 1804 743 1845 discurrebant
762 1802 802 1842 buc

44 1875 75 1931 τῴ
90 1874 184 1930 ποιμνίῳ
195 1870 254 1931 αὐτῷ
262 1867 291 1931 ἦν,
306 1871 340 1916 καὶ
352 1888 414 1930 περι·
432 1881 492 1929 atque
507 1875 559 1916 illuc.
581 1874 606 1915 Et
621 1874 664 1928 ipse
679 1877 748 1926 pastor
763 1884 802 1912 ve-

44 1944 118 2004 ὲτρεχε
127 1943 154 1987 τοὶ
164 1943 272 2003 πρόβατα.
288 1942 350 1985 ιιΚαὶ
360 1938 414 1986 ἄλλα
432 1947 543 1987 ltementem
560 1957 586 1985 ex
601 1956 665 1998 grege
680 1936 717 1983 suo
732 1941 802 1995 perci-

43 2011 145 2074 πρόβατα
160 2015 303 2058 στσαταλῶντα
316 2013 351 2056 καὶ
363 2028 413 2072 τρα-
431 2017 497 2070 plebat
508 2015 641 2067 voluptatem3
655 2019 674 2053 et
685 2013 752 2054 vultus
763 2025 801 2065 pa-

44 2091 118 2144 φιῦντα
135 2085 155 2129 ἐν
171 2082 232 2142 τόσῳ
248 2082 283 2136 ἑνὶ,
300 2081 414 2138 erimbrot
431 2086 491 2127 storis
512 2085 563 2126 illius
584 2083 643 2125 valde
663 2083 731 2124 hilaris
753 2086 802 2133 erat,

44 2160 165 2215 σκιρτῶντα.
430 2157 483 2196 inter
498 2167 573 2208 pecora
589 2153 720 2195 discurrentis
730 2150 745 2191 ¹².

68 2260 86 2303 l)
100 2261 143 2303 Quia
160 2260 207 2294 hisce
225 2259 351 2293 inlisionibus
367 2259 414 2293 multi
456 2259 475 2304 2)
492 2258 518 2293 Ex
536 2261 595 2293 Docta
613 2260 636 2293 ort
648 2259 727 2292 dtttiocb.
744 2267 760 2289 n.
775 2256 802 2289 ts.

44 2320 130 2354 Pastorcu
139 2324 228 2363 apparent,
242 2323 333 2362 eapropter
341 2317 414 2351 Hermae
432 2329 450 2362 p.
462 2317 502 2351 261.
516 2317 556 2352 262.

45 2387 88 2421 opus
109 2376 194 2422 Origenes
214 2376 291 2421 appellat
310 2374 371 2409 librum
392 2376 414 2409 de
456 2375 475 2419 3)
488 2376 542 2409 lleete
555 2372 696 2416 PastoriAngelo
708 2371 801 2404 illecebra-

43 2437 157 2471 Praeteritae.
178 2437 241 2469 Corae.
262 2432 414 2468 ntssenerttettnus
432 2446 479 2476 rum,
498 2433 592 2467 dulcedinis
610 2442 629 2463 ae
646 2430 737 2472 voluptatis
752 2429 802 2461 dator

44 2493 110 2536 editor,
129 2493 203 2527 lectione
216 2493 248 2526 hac
264 2492 340 2536 rejecta,
357 2491 413 2525 locum
433 2492 520 2536 Spntbesis
530 2491 616 2530 coccinea,
627 2497 678 2538 ⁴quam
687 2497 738 2519 nemo
747 2486 801 2519 nescit

45 2549 123 2596 Origenis
140 2552 158 2585 T.
170 2551 183 2584 1.
196 2562 212 2595 p.
227 2551 266 2584 tto.
283 2550 315 2584 col.
329 2550 346 2583 2.
359 2549 380 2583 D.
394 2560 414 2583 ox
432 2555 498 2583 vestem
511 2548 563 2580 luisse
576 2547 682 2590 preciosam,
697 2544 801 2588 elegantem,

44 2607 82 2643 llss.
101 2610 126 2643 sie
144 2610 226 2643 restituit:
246 2610 278 2644 scil
296 2615 313 2644 et
330 2610 414 2644 Pastoris
433 2607 557 2647 coenatoriam,
570 2603 642 2637 indicem
655 2603 736 2645 laetitiae,
750 2608 801 2647 atque

44 2667 94 2702 liter.
113 2670 201 2702 oleriani
432 2675 441 2696 a
458 2662 561 2696 mollioribus
578 2661 646 2694 solitum
662 2660 714 2693 indui.
737 2661 800 2693 Gerra.

455 2721 474 2767 t]
487 2721 520 2755 lsta
528 2718 694 2753 Pseudo-Athanasii
705 2719 768 2764 (doctr.
778 2719 800 2772 ad
