1765 2987
277 191 346 227 INDEX
358 190 434 226 RERUtll
446 191 475 226 ET
488 191 643 227 PERSONARUH.
798 192 841 233 459

102 301 148 334 vires
160 305 246 344 praestant
259 299 299 333 391.
321 297 353 331 tter
366 296 447 342 longani-
492 299 535 331 filios
552 300 594 333 itia.
613 304 630 332 et
649 298 690 333 327.
714 297 757 341 Ejus
778 297 841 340 conjux

102 359 150 392 mites
163 359 237 390 timenda
251 363 288 399 est,
302 367 324 389 ne
337 357 353 388 in
365 355 448 398 judicium
491 356 546 389 futura
560 366 609 389 soror
621 356 661 391 327.
684 356 756 389 labetur
769 356 840 389 Hermas

102 414 151 449 nobis
164 415 214 449 cedat
229 416 266 448 162.
491 414 533 446 duos
547 413 739 447 librosscribere329.
766 414 839 448 Hermas

481 472 581 515 'aliquando
599 472 647 504 dives
665 471 706 512 tuit,
725 471 755 504 sed
774 471 838 505 inutiHs

246 522 278 554 Π·
389 575 392 577 Ὗ
489 529 529 563 336.
549 529 605 572 lpsnm
616 529 674 563 Pastor
683 529 780 573 alloquitur,
791 541 837 563 nun-

77 588 184 622 Haeresis
203 594 229 621 εει
247 587 301 620 herba
322 587 385 620 diaboli
407 587 445 620 102.
489 589 521 620 tius
534 587 743 631 poenitentiae345sqq.
764 587 836 621 Hermes

101 646 140 679 100.
154 646 194 685 212.
488 644 629 678 Antitrinitarismi
649 656 684 679 nou
702 651 728 678 est
746 651 836 689 suspectus

76 704 191 737 Haeretici
202 704 218 736 in
228 705 285 747 ignem
295 702 344 736 ibunt
353 703 396 744 1663
408 709 446 735 sunt
488 702 527 735 389.

99 761 186 795 metuendi
198 761 243 802 2243
255 765 293 793 sunt
305 760 359 802 ferae,
373 760 445 793 humana
463 758 567 792 Herodes
585 760 673 793 irenarcha
686 759 726 792 278.
740 760 781 793 280.
796 759 836 793 290.

98 820 157 862 specie
170 818 239 851 indutae
251 820 304 858 ibice
323 828 353 850 cos
369 828 402 850 non
416 829 445 850 re·
488 816 528 848 204.

99 877 157 919 cipere
169 885 200 908 vos
214 880 292 919 oportet,
308 886 364 918 neque
378 874 445 907 obviam
463 872 627 917 Hierosolymis
640 879 704 908 tantum
720 873 836 908 offerebantur

99 935 123 966 eis
136 934 178 973 lieri,
192 933 245 965 solum
259 942 300 965 vero
312 943 343 976 pro
356 933 380 964 eis
389 943 444 974 orare,
487 931 569 964 sacrificia
585 932 623 964 108.
642 931 792 975 Hierosotpnuant
802 943 835 966 ex-

98 997 117 1024 ut
132 992 255 1035 poeniteutiam
272 996 332 1034 agant.
350 991 395 1034 quod
411 990 444 1023 ad·
487 988 526 1020 cidii
539 990 615 1022 meminit
628 988 715 1023 Barnabas
728 991 756 1024 42.

99 1050 167 1082 modum
181 1048 248 1081 difficile
260 1054 285 1081 est
297 1051 338 1083 itia.
359 1046 443 1081 Orandum
462 1044 522 1078 Hirci
536 1046 568 1079 dno
582 1047 635 1091 ligura
648 1049 719 1082 ducrum
729 1047 791 1082 Christi
800 1047 833 1081 ad-

41 1142 44 1147 *
98 1112 124 1139 est
137 1116 167 1149 pro
177 1107 248 1139 inimicis
257 1107 311 1139 crucis
320 1106 359 1139 271.
375 1075 453 1140 rasere-l
486 1110 566 1137 veutuum
580 1108 607 1137 rtr.

97 1165 126 1196 tici
134 1169 171 1196 sunt
178 1162 314 1206 herbaenoxffle,
321 1162 443 1207 qnasChristus
461 1160 527 1194 Homo
544 1162 605 1195 animal
624 1168 650 1195 cst
665 1163 832 1207 excellentissimum,

97 1231 131 1254 non
145 1220 196 1261 colit,
212 1222 296 1264 quianon
310 1227 349 1254 sunt
360 1221 442 1264 plantatio
485 1225 503 1252 et
515 1219 612 1253 intellectus
626 1221 707 1265 dignitate
720 1223 832 1256 celsissimum

96 1278 152 1312 Patris
162 1278 200 1311 102.
210 1277 248 1311 100.
256 1278 300 1317 2l2;
311 1280 377 1322 patroni
385 1280 442 1312 mortis

96 1342 135 1370 sunt
154 1336 216 1379 magis,
235 1346 285 1379 quam
303 1337 381 1369 veritatis
397 1337 441 1378 2243

97 1404 106 1425 a
124 1392 190 1426 Christo
207 1393 313 1436 abnegamus
328 1396 380 1434 ibici-3
397 1405 441 1436 eon-

97 1453 143 1484 trarii
156 1456 195 1484 sunt
214 1451 281 1484 divinae
298 1451 380 1484 voluntati
398 1452 441 1492 2263

96 1508 200 1541 mortiferum
225 1510 334 1551 pharmacum
361 1509 442 1543 exhibent

98 1566 141 1604 100;
162 1566 183 1598 ab
205 1566 307 1616 eucharistia
328 1572 345 1599 ει
364 1569 441 1599 oratione

97 1622 193 1665 abstinent,
219 1635 286 1656 caruem
309 1623 370 1657 Christi
395 1624 440 1656 illam

96 1691 134 1714 esse
153 1686 237 1724 negantes
256 1681 299 1721 2263
318 1687 356 1714 sunt
374 1681 440 1725 lapides

96 1737 170 1770 scabrosi
184 1743 201 1770 et
214 1739 295 1771 scissuras
308 1739 390 1772 habentes
401 1739 439 1771 332.

95 1796 134 1830 335.
156 1796 196 1828 428.
218 1796 257 1829 430.
283 1796 367 1829 Haeretici
388 1798 440 1840 virgis

95 1854 208 1887 assimilantur
215 1854 266 1886 aridis
274 1854 314 1888 403.
325 1854 378 1889 Decet
385 1855 440 1887 absti-

95 1922 137 1944 nere
147 1912 167 1944 ab
177 1910 260 1953 ejusmodi
270 1911 370 1953 bominibus,
384 1919 400 1945 ει
408 1923 441 1945 nec

485 1277 506 1310 96
519 1289 544 1322 sq.
557 1277 592 1311 314
601 1289 626 1322 sq.
649 1279 695 1312 Deus
708 1282 760 1313 sacris
773 1286 790 1313 et
802 1280 831 1312 in-

484 1337 569 1369 taminatis
590 1336 667 1370 manibus
692 1338 727 1370 suis
751 1337 831 1372 formavit

484 1393 830 1437 homnem,inmginrssuaecharacterem

484 1452 523 1483 314.
537 1451 592 1483 Homo
601 1451 655 1495 qualis
662 1455 718 1485 veniat
725 1454 740 1486 in
751 1454 830 1487 nrunrlum

485 1509 523 1542 106.
542 1509 597 1541 Homo
610 1514 636 1541 est
649 1516 692 1542 terra
706 1513 780 1552 patiens,
794 1513 805 1543 i.
815 1523 830 1544 e.

484 1572 543 1598 eterra
551 1565 639 1606 formatus,
646 1578 679 1599 uon
686 1567 754 1611 quidem
761 1575 830 1612 agente,

482 1623 512 1656 secl
533 1625 609 1666 patiente
628 1623 649 1656 12
666 1630 683 1657 ει
703 1624 727 1657 13.
747 1632 782 1658 not.
802 1627 829 1661 14.

482 1681 536 1713 Honro
550 1681 621 1713 earnalis
637 1682 731 1724 spiritualia
747 1694 829 1717 exercere

483 1740 553 1781 nequit,
571 1749 627 1782 neque
646 1740 737 1782 spiritualis
755 1742 829 1775 earnalia

484 1795 521 1828 158.
536 1795 608 1839 Propter
614 1797 690 1830 homines
697 1797 742 1831 Deus
749 1800 828 1832 muntium

482 1854 547 1886 crearit
555 1853 598 1894 3m;
607 1855 627 1886 iis
635 1856 690 1888 omnia
697 1855 770 1897 subjecit
777 1859 826 1898 ibid.;

482 1910 556 1943 Hominis
570 1914 673 1954 praestantia
686 1915 729 1946 ibid.

94 1970 110 2002 in
118 1971 191 2013 privato,
200 1979 233 2001 nec
240 1969 257 2001 in
264 1971 348 2002 comnmni
355 1969 440 2015 colloquio
458 1968 473 2001 H
478 1979 501 2001 os
506 1979 516 2012 p
522 1971 552 2000 ita
560 1967 563 1999 l
570 1969 574 2000 i
581 1970 623 2001 tati
628 1980 636 2001 s
649 1980 715 2003 merces
729 1971 757 2005 68.

94 2028 115 2061 de
124 2029 156 2061 illis
165 2028 217 2061 verba
227 2028 284 2060 lacere
293 2027 333 2061 228.
354 2027 440 2061 Haeretici
458 2026 576 2060 Hutnilitas
602 2028 730 2061 commendatur
750 2030 778 2062 44.
799 2030 828 2064 72.

94 2086 111 2117 in
124 2086 237 2129 ignemibunt
249 2085 286 2118 166.
307 2085 340 2119 cfr.
350 2088 438 2120 Ecclesia,

94 2141 192 2187 Benignitas
206 2154 246 2188 erga
261 2144 378 2177 schismaticos
392 2143 418 2176 72.

70 2199 154 2244 Hcgrin
164 2201 239 2245 angelus,
248 2202 277 2246 qui
284 2208 367 2245 estsuper
375 2202 439 2236 bestias

94 2257 134 2290 313.

69 2315 85 2349 H
90 2315 159 2349 eldam
173 2321 190 2349 et
204 2315 259 2350 llodal
272 2317 336 2360 populo
345 2316 439 2350 israelitico

93 2375 181 2408 vaticinati
193 2380 232 2408 sunt
245 2376 262 2408 iu
274 2375 366 2409 solitudine
380 2374 419 2409 320.

70 2431 200 2476 Heliopolis
213 2433 241 2466 88.

69 2489 159 2524 Hermas
172 2490 244 2525 fortasse
257 2491 311 2525 laicus
320 2492 353 2525 fuit
365 2497 382 2526 et
391 2504 438 2526 mer-

93 2553 152 2590 cator,
165 2559 174 2580 a
187 2548 226 2581 liliis
238 2549 260 2582 ad
273 2550 347 2594 inopiam
359 2551 439 2584 redactus

94 2605 138 2647 3243
151 2607 178 2639 vir
186 2612 223 2639 erat
231 2608 327 2649 continens,
341 2609 386 2641 omni
397 2609 438 2641 sim-

92 2662 168 2706 plicitate
177 2663 236 2707 plenus
246 2668 263 2696 et
271 2664 369 2698 innocentia
377 2675 437 2709 magua

92 2723 145 2764 ibitl.;
164 2720 277 2767 reprehensus
294 2722 316 2755 ob
334 2733 404 2756 uxorem
422 2727 438 2755 et

482 2084 558 2120 Christus
576 2084 672 2127 exemplum
690 2086 786 2120 humilitatis
800 2088 828 2123 74.

482 2142 572 2177 Humilium
580 2143 657 2177 Christus
664 2149 696 2185 est,
705 2154 738 2176 non
746 2144 829 2180 elatorum

481 2203 523 2235 itit,
555 2200 644 2234 Humilitas
669 2201 759 2245 ahrahae,
783 2204 828 2247 tobi,

482 2257 543 2301 iliosis,
562 2259 634 2292 Davidis
654 2260 676 2292 76
694 2271 731 2303 sqq.
762 2260 828 2300 Quanto

482 2317 553 2361 quisque
565 2317 625 2360 major,
639 2322 685 2350 tanto
698 2317 776 2351 humilior
790 2329 828 2353 esse

482 2375 535 2423 debet
548 2374 586 2409 120.
610 2374 681 2408 HnmIlis
698 2375 730 2408 sibi
747 2378 827 2409 testimo-

482 2434 528 2465 nium
538 2442 571 2465 non
580 2433 624 2465 ferat
634 2432 672 2464 104.
690 2432 715 2464 Sit
724 2433 760 2467 laus
770 2439 826 2467 nostra

482 2492 498 2523 in
517 2490 565 2531 Deo¹
587 2494 604 2522 et
624 2499 657 2521 non
676 2499 685 2521 a
705 2489 754 2522 nobis
774 2491 825 2534 ipsis3

481 2549 517 2582 odit
526 2548 569 2580 enim
579 2546 624 2579 Deus
635 2556 671 2588 eos,
685 2548 713 2591 qui
723 2550 826 2592 semetipsos

480 2606 549 2638 laudant
559 2605 586 2638 04.
606 2604 695 2637 Humilitas
705 2616 735 2637 seu
744 2617 825 2639 mansue-

480 2663 521 2696 tudo
530 2664 623 2704 essuries,
637 2672 669 2706 qua
682 2665 762 2707 princeps
774 2662 825 2705 hujus

480 2720 536 2754 mundi
555 2720 646 2754 destruitur
663 2719 702 2754 188.
728 2718 787 2754 Castus
804 2722 826 2755 sit
