1789 2987
98 210 141 252 364
235 204 328 241 HERMAE
340 203 432 240 PASTOR.
456 205 522 240 LIBER
533 206 554 242 II.
578 204 676 240 λΙΑΝΒᾹΤ.
689 204 716 239 ΙΧ.

97 308 163 363 nizea
178 311 215 356 ἐπὶ
229 309 267 357 τδν
283 311 345 364 Θεδν,
364 311 400 354 καί
416 313 468 367 λαμ-
486 314 552 356 bitans
561 314 627 366 homo,
639 315 656 355 si
664 314 856 367 nonpoenitenliam

96 379 208 439 βάνουσιν,
230 383 265 428 δτι
285 377 417 432 άδιστάκττος
436 379 468 425 αἰ-
487 386 559 440 egerit,
577 384 656 427 difficile
672 385 715 426 Deo
730 386 791 427 vivet.

96 456 194 507 σοῦνται,
224 453 288 512 μηδὲν
320 453 468 513 διψαχοῧντες.

97 527 146 576 Πᾶς
161 521 201 583 peip
217 523 313 584 δίψυχος
323 521 379 584 άνῆρ,
395 522 431 567 ἐάν
440 520 469 582 μή

96 596 226 655 μετανοήσει,
243 590 352 646 δυσκόλως
369 594 467 654 σωθήσε-

95 683 136 709 ται.
166 662 297 725 Καδάοισον
313 663 350 710 οὖν
365 663 403 724 τήν
417 672 467 726 καρ-
514 669 598 711 Purifica
615 681 665 725 ergo
680 673 781 711 cortuum
793 668 855 711 adu-

97 735 144 780 δίαν
164 751 204 780 σου
225 736 271 781 άπδ
292 738 330 796 τῆς
351 735 466 796 διψυχίας·
486 738 595 792 bitatione,v
617 745 636 781 et
658 739 718 781 indue
739 739 810 792 fidem,
835 745 855 781 et

96 806 184 851 ἕνδοοαι
190 807 214 852 δὲ
220 807 342 867 τήνπίστιν,
350 808 383 851 ὅτι
390 801 468 865 ἰσχυρά
486 808 547 849 crede
558 809 614 860 Deo3
632 815 651 851 et
665 809 736 861 omnia,
752 822 804 863 quae
815 822 854 864 pe-

96 878 149 930 ἕστι,
163 878 200 920 καί
215 878 303 921 πίστευε
318 882 350 934 τῷ
364 878 417 933 Θεῷ,
433 876 468 920 ὅτι
485 879 552 931 tieris,
576 880 669 933 accipies.
699 880 739 922 Sed
759 881 777 922 si
797 884 854 934 petas

96 943 167 990 πάντα
177 945 204 991 τά
214 943 466 1006 αἰτήματασου,άαίτῇ,
486 948 592 1001 aliquando
615 950 743 1003 petitionem,
770 955 790 991 et
813 962 854 992 non

94 1014 160 1077 λήψῃ.
196 1017 241 1060 Καὶ
265 1013 301 1060 ἐάν
328 1010 466 1073 αἰτησάμενος
484 1019 578 1071 accipias,
594 1018 636 1059 noli
647 1019 744 1072 dubitare,
757 1021 802 1073 quia
812 1032 853 1062 non

95 1104 150 1132 ποτε
156 1085 217 1147 παρά
222 1088 263 1131 τοῦ
270 1085 343 1145 κυρίου
351 1086 430 1144 αἴτημά
437 1102 465 1138 τι,
485 1087 523 1127 cito
536 1089 639 1141 acceperis
650 1089 767 1142 petitionem
777 1090 854 1132 animae

95 1159 129 1203 καὶ
145 1155 183 1217 [μή
199 1153 326 1217 άπολάψῃ],
349 1156 380 1214 μή
400 1158 466 1215 diape-
484 1162 536 1198 tuae.
552 1158 644 1200 Forsitan
652 1159 705 1199 enim
715 1165 798 1214 propter
806 1161 854 1201 ten-

94 1227 177 1287 χήσεις,
198 1225 233 1272 δτι
248 1228 322 1282 τάχιον
337 1223 374 1270 oda
389 1223 466 1282 ἔλαβες
484 1227 589 1280 tationem,
609 1233 642 1269 aut
657 1242 694 1282 pro
710 1235 794 1283 peccato
810 1235 852 1285 tuo,

94 1297 120 1342 τδ
147 1300 226 1356 αἴτημα
249 1298 289 1356 τῆς
316 1301 389 1356 ψυχῆς
414 1310 465 1339 σου·
485 1298 537 1351 quod
548 1303 569 1339 tu
579 1299 669 1353 ignoras,
680 1299 755 1341 tardius
765 1301 852 1353 accipies

94 1368 181 1417 πάντας
191 1368 230 1427 γάρ
242 1365 279 1411 διά
290 1362 409 1427 πειρασμόν
419 1383 466 1409 τινα
483 1369 600 1422 petitionem
620 1372 679 1410 tuam.
710 1368 750 1411 Sed
770 1375 791 1411 tu
811 1371 852 1412 noli

94 1440 108 1499 ἢ
122 1436 261 1497 παράπτωμά
275 1454 302 1489 τι,
319 1434 332 1481 δ
342 1452 368 1480 συ
378 1432 465 1494 οἷγνοεῖς,
484 1437 577 1480 desinere
587 1439 674 1493 petendo
683 1441 797 1493 petitionem
805 1442 851 1482 ani-

96 1506 134 1554 odu
155 1506 235 1561 ἔλαβες.
265 1507 296 1551 Ed
316 1504 351 1552 cdv
370 1506 399 1566 μή
418 1508 465 1551 δια-
483 1520 527 1548 mne
538 1513 590 1560 tuae,
607 1513 627 1549 et
637 1510 729 1563 accipies.
747 1511 851 1553 ⁴Siautem

95 1579 161 1636 λίπῃς
176 1574 287 1633 εὐχόμενος
301 1575 328 1620 cd
338 1577 419 1633 αἴτημα
428 1578 465 1634 τῆς
483 1579 596 1619 cessaveris
612 1579 706 1632 petendo,
723 1580 748 1621 de
763 1586 783 1622 te
799 1594 851 1634 que-

96 1653 168 1707 ψυχῆς
187 1661 236 1700 σου,
257 1646 298 1697 ἕως
317 1641 342 1691 οὗ
360 1641 465 1705 άπολήψῃ
482 1647 545 1700 raris,
568 1660 608 1689 non
625 1649 650 1689 de
666 1649 721 1702 Deo,
740 1650 794 1703 quod
811 1663 852 1693 non

94 1715 152 1762 αὐτά.
180 1714 227 1762 Ἐάν
249 1717 273 1761 δὲ
298 1714 409 1775 ἐκιακήσῃς
431 1715 465 1759 καὶ
484 1716 561 1758 dederit
582 1718 622 1758 tihi.
653 1719 703 1759 Vide
724 1732 774 1774 ergo
793 1720 853 1761 dubi-

95 1786 217 1847 διψνχήσῃς
232 1783 369 1843 αἰτούμενος,
390 1783 465 1830 ἓαντδν
483 1787 578 1828 tationem
594 1787 652 1841 hunc,
669 1802 727 1842 quam
739 1791 853 1844 perniciosa

94 1858 162 1910 αἰτιῶ,
170 1857 205 1900 καὶ
213 1855 242 1916 μή
250 1855 287 1901 τάν
295 1855 381 1902 διδόντα
387 1870 464 1901 σου...
483 1858 509 1897 sit
524 1862 544 1897 et
559 1869 627 1909 saeva,
644 1864 663 1899 et
675 1859 747 1899 multos
757 1859 852 1901 radicitus

94 1927 167 1973 Βλέπε
183 1921 218 1970 οδν
232 1924 268 1985 τὴν
288 1926 394 1986 διψοχίαν
413 1922 464 1970 ταδ-
484 1926 634 1980 everardum,
646 1928 852 1972 etiamvaidefideles

94 2016 141 2058 rpu-
156 1994 240 2056 πονηρά
255 1992 295 2055 γάρ
310 1997 356 2041 ἐστι
368 1995 404 2038 καὶ
414 1991 465 2040 dot-
484 1996 585 2037 etfrrmos.
602 1996 679 2037 Etenim
688 1996 852 2041 ¹haecdubitatio

93 2083 158 2120 νετος,
173 2067 209 2110 καὶ
221 2066 316 2116 πολλοδς
331 2066 410 2125 iapida?
420 2061 465 2109 άπδ
482 2069 523 2110 fitia
535 2075 566 2111 est
574 2070 654 2121 diaboii,
666 2074 686 2110 et
694 2070 752 2113 valde
759 2073 852 2126 nequiter

93 2139 132 2195 τῆς
148 2136 253 2189 πίστεως,
274 2135 308 2178 καί
322 2152 346 2194 με
363 2135 410 2179 λίαν
425 2150 463 2179 πι-
483 2139 524 2193 agit
540 2152 584 2180 cum
600 2140 664 2181 servis
680 2139 722 2180 Dei.

94 2205 158 2256 στοάς
172 2205 209 2248 καί
224 2202 325 2263 ἰσχυρούς
333 2238 337 2248 .
346 2239 364 2248 ..

122 2275 294 2334 Καταφράνηοον
312 2272 347 2317 οὖν
362 2272 426 2332 αὐτῆς
442 2275 464 2319 ἐν
512 2277 621 2319 Contemne
632 2291 682 2334 ergo
696 2279 838 2321 dubitationem
844 2295 851 2333 ,-

92 2345 158 2391 παντὶ
179 2341 302 2404 πράγματι,
326 2340 463 2398 ἐνδυσάμενος
483 2352 502 2388 et
513 2347 647 2389 dominaberis
658 2349 710 2389 itlius
723 2351 743 2390 in
758 2351 812 2391 omni
821 2363 850 2392 re.

92 2416 129 2475 τήν
144 2416 218 2459 πίστιν
229 2413 266 2472 τήν
280 2413 370 2472 ἰσχυράν
382 2412 416 2456 καὶ
427 2415 464 2456 δυ·
481 2416 543 2457 Indue
554 2417 629 2457 firmam
639 2417 698 2457 fidem
713 2422 732 2458 et
742 2424 850 2473 potentem.

92 2484 166 2545 νατήν
191 2479 204 2543 ἡ
228 2482 269 2544 γάρ
294 2482 369 2533 πίστις
393 2479 464 2526 πάντα
481 2486 540 2528 Fides
554 2487 605 2527 enim
617 2487 682 2527 omma
693 2490 818 2541 repromittit,
830 2495 850 2531 et

92 2555 256 2612 ἐπαγγέλλεται,
279 2555 350 2598 πάντα
372 2554 463 2597 τελειοῖ·
482 2557 547 2597 omnia
559 2562 691 2607 consummat;
705 2558 800 2600 dubitatio
811 2572 850 2600 au-

93 2625 107 2685 p‘
131 2624 156 2668 δὲ
181 2624 289 2683 διψυχία,
319 2622 348 2683 μή
372 2640 463 2669 καταπι-
481 2633 520 2670 tem
531 2639 572 2668 non
583 2627 652 2680 credit,
663 2640 686 2669 se
697 2628 771 2682 aliquid
783 2631 849 2685 impe-

117 2776 135 2818 1)
147 2775 213 2810 Laudat
224 2776 241 2810 h.
254 2776 265 2811 l.
278 2779 364 2814 Αίλαιινσ.
377 2779 399 2813 dc
410 2778 462 2814 Decr.
476 2778 512 2813 Nic.
526 2779 566 2823 Spu.
578 2790 595 2816 n.
608 2779 624 2812 4,
637 2778 655 2814 Τ.
668 2780 681 2814 I.
693 2790 710 2824 p.
724 2780 764 2815 211.
