1765 2987
163 203 257 239 HERbidE
269 202 360 238 PASTOR.
385 203 449 239 LIBER
462 204 483 240 ii.
507 204 605 240 dinudat.
619 205 632 240 t.
645 205 665 241 Π.
752 202 795 247 347

37 315 69 370 qni
85 325 123 355 nec
138 314 202 355 verbo
218 312 302 364 definiri,
319 324 357 352 nec
372 317 438 354 mente
454 314 532 367 concipi
547 319 619 369 potest,
651 313 717 355 Crede
733 313 795 367 igitur

36 388 55 428 in
80 396 136 436 eum,
161 389 179 425 et
203 384 250 424 time
275 395 331 433 enm⁷
354 387 374 423 et
396 384 466 424 timens
489 384 540 424 habe
562 385 707 425 abstinentiam.
739 384 793 425 Haec

37 453 126 505 custodi,
147 457 166 493 et
181 453 246 506 abjice
262 453 297 493 abs
313 457 332 492 te
349 464 427 494 omnem
443 456 625 507 concupiscentiam
642 459 661 495 et
676 455 791 508 nequitiam,

36 529 56 567 et
70 523 131 565 indue
146 523 238 564 virtutem
252 523 348 578 justitiae,
364 528 383 564 et
399 525 455 565 vives
469 524 520 577 Deo,
536 526 553 565 si
569 525 689 566 custodieris
706 523 792 565 manda-

35 600 75 636 tum
91 594 150 635 hoc.“

328 730 455 786 blandatnm
474 732 500 786 ii.

64 851 96 891 De
115 850 220 904 fnpienclo
240 850 402 902 obtrectatione¹
429 855 449 889 et
469 850 601 904 eleemosyna
620 849 721 902 faciendo
742 853 765 891 in

346 920 486 973 simplicitate.
542 956 544 958 .

67 1011 203 1070 ¹‘Aulo'cpco
218 1009 262 1066 ἔχε,
277 1012 314 1054 καὶ
330 1012 406 1060 ἄκακος
454 1013 507 1054 Dixit
531 1012 588 1053 mihi:
617 1012 622 1036 ¹
634 1015 793 1068 „simplicitatem
820 1068 824 1072 x

34 1082 94 1139 γενέ,
109 1081 145 1124 καὶ
160 1079 197 1125 ἔσο
213 1080 243 1132 οἷς
257 1079 285 1125 col
300 1082 364 1140 νήσοιο
379 1080 406 1124 acl
424 1083 481 1135 habe,
499 1087 518 1124 et
533 1084 631 1124 innocens
647 1089 702 1135 esto,·
719 1090 739 1126 et
753 1087 793 1127 eris
824 1072 826 1075 ’

34 1150 63 1209 μή
85 1148 211 1208 γινώσκοντα
232 1152 346 1211 πονηρίαν,
370 1150 405 1210 τήν
423 1154 474 1194 sicut
485 1152 557 1205 infans,
569 1153 602 1206 qui
616 1154 681 1194 nescit
692 1155 792 1208 malitiam,

35 1217 146 1265 ἅπολὲσαν
161 1218 199 1278 cajo
209 1222 313 1281 σωτηρίαν
321 1222 362 1264 τῶν
370 1216 405 1264 οἷν-
424 1236 475 1275 qtrae
498 1222 584 1276 perdidit
604 1224 662 1264 vitam
685 1224 792 1267 hominnm.

33 1285 138 1350 epilam.
161 1291 254 1350 Πρῶτον
267 1290 306 1346 μὲν
317 1288 406 1349 μηδενός
423 1292 508 1333 Primum
524 1292 549 1332 de
563 1292 619 1333 nullo
635 1293 793 1347 maleloquiis,
841 1307 844 1311 ’

34 1355 158 1414 nemotollet,
173 1361 228 1418 μηδὲ
238 1354 368 1419 patroclam
379 1364 407 1403 ee
423 1375 490 1415 neque
504 1363 591 1404 libenter
607 1364 675 1405 audias
692 1366 742 1405 mate
758 1366 793 1407 lo-

33 1432 203 1481 acceptatorem·
219 1429 238 1474 ol
255 1429 279 1473 dd
293 1429 321 1487 pn}
332 1430 367 1473 καὶ
378 1427 405 1474 οὐ
424 1436 522 1485 qnentem.
540 1433 574 1475 Sin
582 1445 632 1473 vero
642 1438 661 1475 et
670 1439 691 1475 tu
699 1435 793 1487 audieris,

34 1496 109 1553 ιῖκέιον,
121 1498 196 1555 ἔνοχος
207 1497 405 1559 ἐσιντῆςοξιιορσίαις
423 1503 524 1555 particeps
542 1503 582 1543 eris
598 1504 676 1555 peccati
693 1505 744 1544 naaie
760 1505 793 1546 lo-

34 1577 61 1614 σὲ
75 1571 290 1620 κασαλιιλὲνῑος.....
306 1570 405 1629 Πονηρον·
423 1572 514 1623 qtrentis;
531 1577 551 1612 et
567 1573 659 1624 medens,
676 1578 696 1614 tn
712 1587 794 1626 quoque

34 1641 73 1700 γάρ
89 1639 175 1695 πνεῦμά
189 1640 245 1684 ἐστιν
259 1639 272 1699 ἦ
282 1638 404 1692 acclamabat,
422 1645 524 1694 peccatum
533 1641 622 1692 habebis,
635 1644 681 1694 quia
690 1644 793 1685 credidisti

33 1711 69 1754 nol
75 1705 221 1753 ἀκατάστατον
231 1705 357 1764 2δαιμόνιον,
363 1725 403 1767 piap—
423 1710 472 1750 male
480 1710 570 1763 loquenti
579 1711 604 1751 de
614 1711 675 1751 fratre
684 1716 725 1753 ino.
742 1714 793 1754 Per-

34 1780 116 1824 de'noce
126 1779 234 1839 elprpmioa,
245 1779 299 1823 cillo}
309 1776 404 1823 πάντοσε
421 1781 497 1823 niciosa
512 1786 542 1823 est
554 1783 659 1834 detractio,
676 1782 793 1825 inconstans

34 1850 54 1894 ἐν
65 1848 216 1905 διχοστασίαις
226 1850 333 1893 nepotatio.
347 1843 403 1896 ’Ἀνι-
422 1848 566 1892 ²daemonium
583 1857 626 1900 est;
649 1865 755 1905 numquam
773 1855 792 1894 in

33 1935 68 1975 εχε
88 1914 112 1963 ἐν
131 1918 169 1964 ctn'
185 1915 248 1972 celio,
270 1918 306 1963 aad
321 1917 403 1977 εἰρήνην
422 1922 709 1977 ροοοοοοεῑεῐίῐ-,οοάεοιαροι
720 1924 739 1962 in
749 1923 793 1963 dis-

33 1989 89 2041 ἓξεις
111 1988 166 2045 μετὰ
188 1985 279 2033 πάντων.
304 1989 404 2032 ’Ένόοσαι
423 1990 489 2031 cordia
501 1997 573 2032 manet.
590 1991 675 2034 Contine
686 1997 706 2033 te
719 1993 743 2032 ab
753 1993 793 2045 illa,

33 2060 58 2103 δὲ
73 2059 110 2119 τήν
126 2055 237 2118 ιῖσιλονηια
251 2059 287 2102 καὶ
303 2056 341 2117 τήν
353 2073 404 2113 oepi—
423 2063 667 2119 etsemperpacernhabe
678 2062 794 2104 cumfratre

32 2130 117 2188 νοτηια,
132 2129 153 2173 ἐν
169 2124 200 2179 οἷς
216 2126 266 2173 aldio
280 2129 325 2173 ἐστι
335 2126 403 2188 nodo·
422 2136 462 2172 trio.
482 2131 544 2174 lndne
556 2135 687 2175 constantiam
699 2139 794 2185 sanctam,

33 2215 104 2255 κομμα
129 2198 230 2258 πονηρόν,
256 2195 309 2242 (illd
333 2199 404 2242 πάντα
423 2202 442 2241 in
459 2214 497 2255 qna
513 2204 566 2245 nnita
582 2209 629 2245 sunt
644 2209 736 2258 peccata,
757 2203 794 2244 sed

33 2264 104 2324 ὁμαλά
117 2269 152 2313 καὶ
168 2265 243 2328 ilepcl·
424 2273 488 2313 omnia
505 2273 557 2314 laeta
573 2279 630 2325 sunt;

33 2348 53 2382 et
69 2343 153 2384 benefac
170 2343 195 2383 de
210 2340 312 2384 laboribus
328 2343 372 2384 tuis.
394 2340 509 2384 ³0mnibus
525 2345 618 2397 inopibus
634 2344 657 2384 da
669 2343 792 2396 simpliciter,

33 2412 81 2453 nihii
99 2413 202 2465 dubitans,
222 2414 253 2453 cni
270 2413 311 2453 des.
343 2412 382 2455 Sed
399 2413 490 2453 omnibus
507 2413 542 2463 da;
563 2415 653 2454 omnibus
670 2413 721 2452 enim
738 2412 792 2452 Dens

33 2481 74 2523 dari
91 2484 133 2524 vnit
149 2482 174 2523 dc
190 2483 231 2524 suis
248 2483 312 2524 bonis.
343 2482 381 2531 om
398 2496 448 2539 ergo
465 2485 575 2537 accipiunt,
591 2483 678 2524 reddent
693 2484 792 2524 rationem

32 2553 88 2605 Deo,
106 2567 169 2607 quare
185 2558 316 2607 acceperam,
338 2555 396 2595 etad
414 2554 466 2608 quid.
498 2554 535 2602 Qui
551 2559 615 2595 autem
633 2555 732 2606 accipiunt
747 2554 792 2594 ficta

57 2658 75 2701 t]
92 2656 118 2690 Ex
136 2658 196 2692 Docti.
216 2660 238 2692 al
255 2660 336 2693 Antiocb.
355 2669 372 2691 n.
386 2658 402 2692 2.
445 2658 464 2699 2)
477 2657 520 2690 Vitia
535 2668 544 2690 a
558 2656 635 2691 Patribus
648 2668 700 2702 saepe
710 2663 793 2692 uocantur

32 2725 49 2757 p,
58 2714 98 2750 253.
119 2714 185 2748 Eadem
198 2716 256 2760 paneis
269 2718 338 2751 mutatis
350 2717 403 2752 babet
421 2717 515 2751 daemonia,

32 2773 140 2824 Antiochus?
155 2773 212 2831 borni-i.
226 2773 254 2808 29.
400 2778 401 2781 ’
443 2774 462 2820 3]
476 2773 540 2809 Similia
553 2772 605 2809 hahet
614 2775 694 2811 dullccd.
707 2774 753 2811 hom.
764 2776 792 2811 98.
