1789 2987
97 205 139 248 352
216 180 309 238 uanum
321 200 413 237 rnsroa,
438 202 504 238 noun
516 203 536 238 n.
561 173 659 238 irinum.
672 203 699 238 rr.
715 205 733 239 v.

96 310 146 362 dies,
163 311 228 363 posuit
239 311 336 352 Dominus
347 296 489 364 poenitentiam
496 326 502 362 3
519 313 611 365 quoniam
623 312 755 366 cogitationes
767 310 854 352 onmium

96 381 261 435 praecordiorum
282 382 339 423 novit
359 381 426 433 Deus,
448 386 468 421 et
490 383 530 429 scit,
548 383 679 424 infirmitatem
699 382 812 433 hominum,
835 385 855 421 et

96 451 223 504 multiplicem
239 452 346 505 nequitiam
363 451 443 503 diaboii,
460 464 497 504 qua
514 454 594 500 molitur
609 451 683 505 aliquid
699 452 774 494 sinistri
788 451 854 492 servis

95 521 139 573 Dei,
157 526 176 562 et
192 522 279 577 maligue
295 521 398 562 insidiatur
415 521 459 562 iilis.
480 522 597 565 Misericors
611 534 661 577 ergo
672 522 769 564 Dominus
780 522 854 562 miscr-

96 595 127 631 rus
144 596 174 631 ost
189 591 278 645 figmenti
294 593 332 643 sui,
349 596 369 632 et
384 593 451 643 posuit
466 582 610 645 poenitentiam
626 595 689 643 istam,
706 597 726 634 ct
735 597 854 646 potestatem

96 661 231 715 poeniteutiae
254 662 313 715 hujus
336 661 382 701 mitri
403 662 463 702 dedit.
494 662 518 702 Et
539 663 585 704 idco
607 663 651 704 dico
671 662 717 714 tihi,
739 661 793 715 quod
809 667 855 715 post

99 729 242 772 ¹vocatioucm
258 732 310 773 ittam
326 745 418 787 magnam
435 736 454 773 et
469 737 564 785 sanctam,
578 734 598 781 si
614 734 658 787 quis
675 731 855 774 tentatusiucrita

97 801 176 842 diabolo
193 807 213 841 ct
228 804 350 855 peccaverit,
365 815 424 844 uuam
440 803 583 856 poenitentiam
599 804 663 844 habet.
685 802 705 843 Si
721 806 787 843 autern
803 803 855 843 suh-

97 871 144 913 indc
164 876 244 925 peccet,
267 878 287 913 ct
308 873 450 926 poenitentiam
466 873 517 926 agit,
540 870 600 914 ²non
615 872 706 926 proderit
720 872 794 914 homini
810 871 855 913 talia

97 943 165 996 agenti
171 956 177 991 3
195 942 274 983 diifioiie
291 943 343 982 enim
360 943 415 983 vivet
425 943 489 983 neor<
510 942 535 983 Et
546 956 585 997 ego
597 943 649 984 dixi:
667 943 766 995 „domium
782 943 855 995 revixi,

96 1012 131 1052 ubi
151 1016 189 1052 tam
206 1011 313 1067 diligenter
329 1011 395 1052 audivi
411 1012 461 1052 haec
477 1011 573 1053 mandata.
605 1012 651 1054 Scio
661 1014 731 1070 enim,
752 1013 769 1053 si
784 1015 855 1065 postca

96 1082 144 1123 nihil
164 1081 259 1136 adjecero
280 1081 369 1136 peccatis
391 1083 452 1135 mois,
473 1082 541 1124 salvus
562 1083 618 1124 ero.“
649 1082 674 1123 Et
690 1083 748 1124 dixit:
773 1082 855 1135 „salvus

97 1154 148 1205 eris,
164 1154 258 1207 inquam3
274 1157 294 1194 et
309 1163 385 1204 omnes,
403 1154 522 1206 quicumque
534 1153 619 1196 iecerint
630 1154 680 1194 hacc
691 1153 788 1205 mandata,
804 1153 855 1193 salvi

97 1223 176 1265 c1·unt.“
352 1225 354 1227 ’

156 1295 186 1336 IV.
216 1294 241 1335 Et
259 1295 329 1335 ierom
350 1287 392 1334 dixi
407 1294 446 1335 iili:
470 1293 574 1346 „domine,
596 1294 689 1348 quoniam
709 1294 808 1348 patienter
824 1306 855 1335 mc

98 1365 160 1418 audis,
177 1366 236 1406 etiam
251 1366 290 1406 hoc
305 1365 352 1405 mihi
368 1363 503 1405 dauronsnaf‘
532 1364 601 1416 „Dic,“
618 1365 687 1417 inquit.
712 1364 737 1405 Et
753 1363 805 1403 dixi:
825 1364 856 1415 „si

97 1437 128 1477 vir
149 1436 182 1477 uei
202 1435 273 1476 mulier
294 1434 378 1488 aiicujus
398 1433 521 1487 decesserit,
541 1439 561 1475 et
577 1435 667 1488 nupserit
683 1433 752 1488 aliquis
769 1433 854 1486 iliorum,

32 1504 36 1515 ⁸
98 1506 192 1559 numquid
208 1506 308 1559 peccat?“
340 1502 413 1556 ³„Qm
428 1505 496 1556 nubit,
512 1516 552 1545 non
568 1504 661 1558 peccat,“
678 1504 754 1557 inquit3
772 1503 821 1556 ,sed
838 1504 855 1543 si

98 1589 135 1631 per
151 1589 173 1618 sc
189 1576 294 1628 manserit,
316 1587 409 1629 magnum
429 1575 466 1616 sibi
488 1575 587 1628 conquirit
603 1572 699 1616 honorem
715 1574 767 1628 apud
784 1574 855 1615 Domi-

98 1660 151 1688 num.
175 1646 237 1690 Serva
254 1658 304 1700 ergo
321 1646 431 1686 castitatem
448 1649 468 1685 et
483 1643 603 1698 pudicitiam,
620 1645 707 1686 etvivcs
719 1645 768 1686 Deo.
794 1644 856 1696 Haec,

97 1729 149 1770 quae
165 1721 230 1757 tecum
246 1717 319 1770 loquor
336 1719 355 1756 et
370 1715 442 1757 mando
459 1715 500 1766 tibi,
516 1716 595 1757 custodi
611 1715 713 1769 deinceps,
730 1728 757 1756 ex
770 1726 809 1768 quo
821 1715 856 1755 titi

96 1788 179 1829 traditus
195 1799 252 1841 sum,
269 1791 289 1828 et
304 1787 324 1828 in
339 1786 399 1828 domo
416 1791 448 1827 tua
464 1785 544 1836 hahit03
561 1790 580 1827 et
595 1786 696 1840 prioribus
713 1785 800 1840 peccatis
818 1784 856 1825 tuis

97 1861 135 1901 erit
151 1859 251 1911 remissio,
267 1859 284 1899 si
300 1859 350 1899 hacc
366 1857 457 1899 mandata
474 1869 518 1897 mea
529 1856 655 1898 custodieris.
677 1856 717 1903 Sed
733 1860 752 1897 ct
764 1855 855 1897 omnibus

98 1931 137 1971 crit
151 1929 255 1983 remissio,
272 1929 305 1983 qui
321 1928 411 1970 mandata
427 1940 471 1970 mea
487 1926 638 1969 custodierint.“

395 2069 521 2123 Mandatum
538 2067 563 2122 i.

283 2190 315 2229 Dc
331 2189 420 2230 tristitia
436 2187 509 2229 cordis
525 2192 545 2228 ct
558 2187 668 2241 patientia.

129 2277 254 2325 rotimus
284 2277 319 2338 cip
348 2277 406 2323 cirion
433 2281 468 2324 καὶ
516 2283 529 2335 t.
558 2278 756 2333 ⁴,Aequanimis,“
788 2277 857 2330 iuquit,

98 2350 248 2412 μακροθυμίαν
261 2351 298 2394 aot
308 2350 366 2408 pirou
377 2347 467 2403 συνετός,
488 2356 545 2404 ,esto
568 2356 587 2392 et
610 2350 700 2402 patiens;
728 2352 747 2388 et
771 2347 858 2389 omnium

101 2502 136 2530 cst:
155 2496 175 2528 iis
188 2499 253 2537 auteur,
273 2493 301 2539 qui
316 2498 358 2539 post
370 2492 471 2536 baptismum
514 2489 532 2532 3)
550 2488 584 2522 cfr.
600 2490 651 2534 iniq,
670 2487 682 2521 i.
699 2499 714 2522 c.
734 2498 750 2532 p.
764 2486 803 2520 174.
832 2485 858 2520 Dc

93 2555 118 2597 >in
135 2559 207 2597 peccata
223 2558 261 2586 sunt
279 2551 355 2595 delapsi,
375 2550 471 2584 misericors
490 2548 552 2592 nuptiis
561 2547 641 2581 secundis
651 2546 681 2580 cir.
691 2547 784 2587 Bintcrim,
796 2544 858 2578 Dentr-

100 2612 147 2645 Dcus
159 2612 283 2655 poenitentiam
296 2610 387 2643 concessit.
490 2605 544 2641 wiird.
558 2606 575 2639 T.
590 2605 616 2639 VI.
630 2605 647 2639 P.
660 2604 673 2638 I.
687 2617 704 2649 p.
718 2604 758 2647 354,
772 2603 811 2638 371.

125 2671 142 2712 1]
156 2669 169 2703 i.
184 2681 199 2703 c.
212 2675 251 2713 post
263 2669 369 2714 baptismum.
512 2665 532 2709 4]
551 2664 615 2699 Graeca
641 2669 707 2698 exstant
730 2663 747 2695 in
771 2663 859 2697 Doctrina

124 2730 143 2772 2)
157 2729 168 2761 Ι.
179 2740 194 2762 c.
208 2738 242 2761 uon
254 2729 271 2761 in
285 2727 375 2762 ecclesiam
389 2733 415 2761 est
423 2727 471 2760 reci·
479 2746 481 2754 π
490 2726 512 2759 nd
520 2726 598 2760 ,intinctu
607 2734 623 2756 n.
633 2723 648 2756 5.
667 2719 714 2754 'Arm
722 2736 745 2754 :
754 2719 857 2755 sollicitudo.

101 2788 181 2833 picridiis,
195 2792 212 2821 ct
224 2787 252 2821 vix
265 2786 337 2821 satutem
349 2791 469 2831 consequetur.
479 2754 527 2821 iitss
542 2788 560 2816 ct
570 2781 615 2816 Editi
627 2780 681 2815 male:
694 2776 752 2813 ἄνειαν.
