1789 2987
96 188 147 225 LVIII
241 234 243 236 ι
389 182 561 220 PROIEGOIIENA.
723 182 854 229 [EPISTOLAE

96 308 136 338 non
145 296 185 350 jam
197 295 277 335 ineunte
288 292 357 333 seculo
368 291 466 344 secundo,
477 292 514 333 sed
525 292 671 348 posterioribus
682 291 760 333 demunt
772 298 853 346 ternpo-

95 368 150 408 ribus
161 365 256 421 viguisse.
282 364 303 405 lu
315 376 326 404 a
337 376 386 405 vero
399 362 540 405 alienissimum
553 377 598 406 esse
609 363 715 405 Hatberas
727 360 751 417 ¹),
763 362 853 404 Dttster-

96 435 156 476 diceb
171 435 196 490 (l.
213 434 242 490 c.)
260 439 280 475 et
298 433 415 474 Ublbornas
432 432 456 488 (l.
473 447 489 475 c.
505 435 581 488 past
599 433 656 490 sqq.)
672 434 838 475 demonstrarunt.

152 504 176 561 a]
198 506 214 546 E
234 505 324 560 pluribus
346 505 397 545 eninr
419 505 547 558 epistolarum
568 506 618 547 locis
640 508 733 560 apparet,
757 504 853 545 haereses

93 577 142 618 istas
163 581 258 617 recenter
281 579 362 617 exortas
384 586 430 616 esse
452 580 472 616 et
492 576 516 618 ad
536 590 627 631 magnam
649 578 689 618 virn
710 574 797 617 nondun]
820 575 854 615 in-

94 647 189 688 valuisse.
219 646 332 688 Nonnullae
356 646 446 686 civitates
467 643 498 701 [e.
519 660 538 701 g.
559 645 664 702 Ephesus)
686 647 750 688 adbuc
771 646 794 686 ab
816 644 854 685 hac

94 722 152 771 peste
167 717 226 771 plane
242 717 318 758 liberae
334 722 391 758 erant
407 714 455 771 [etr.
471 716 533 771 ignat.
550 717 574 758 ad
590 718 663 772 pres.
680 730 696 758 c.
714 715 751 771 6),
775 716 795 756 in
811 715 854 756 aliis

94 789 177 830 urbibus
199 802 239 831 non
260 801 329 831 ornnes
350 788 429 830 incolae
449 787 486 829 sed
502 788 576 842 stnguli
590 792 664 830 tanturn
682 784 762 844 (τινὲς,
784 782 855 840 ὀλίγοι

95 855 201 916 ἄφρονες)
222 860 312 913 corrupti
334 863 391 900 erant
411 856 459 913 (cir.
479 858 503 899 ad
524 858 591 913 Magn.
612 871 628 899 c.
645 857 671 912 1,
694 858 719 900 ad
740 856 817 911 Smyrn.
834 853 854 908 5,

95 930 120 970 ad
141 931 200 971 Trall.
222 943 238 970 o.
255 928 287 984 8).
319 930 383 978 Quurn
404 941 454 970 vero
473 918 498 969 bi
511 941 592 986 ,suntrno
614 928 680 970 studio
701 929 752 970 alios
773 939 855 981 quoquo

95 1005 214 1052 pervertere
232 1003 251 1040 et
267 1000 343 1040 zizania
359 999 416 1040 latius
432 1000 532 1041 seminare
548 1004 675 1052 conarentur,
690 1002 761 1042 beatus
779 998 855 1052 blarlyr

95 1069 155 1109 valde
170 1069 307 1110 necessarium
322 1070 405 1121 putavit,
422 1081 492 1110 ornnes
508 1074 529 1109 ut
544 1070 581 1109 sibi
596 1074 692 1109 caverent
704 1067 855 1123 praemuniendi

94 1136 143 1192 (cfr.
159 1138 184 1178 ad
200 1138 266 1192 blagn.
283 1150 300 1178 c.
318 1135 355 1189 11,
373 1137 397 1178 ad
413 1137 472 1179 Trall.
489 1151 506 1178 o.
523 1137 547 1190 8,
565 1138 589 1179 ad
606 1138 684 1193 Smyrn.
701 1151 717 1180 o.
734 1135 767 1192 4).

153 1206 179 1263 b]
190 1209 234 1249 Duo
244 1208 331 1249 diverso
339 1209 485 1250 baereticorum
494 1221 570 1263 genera
579 1199 678 1263 [Docetas
688 1205 855 1263 etJudaizantes]

94 1279 118 1320 ab
129 1278 206 1332 ignatio
222 1278 331 1332 perstringi
346 1278 438 1332 plerique
454 1279 589 1330 crediderunt,
605 1279 724 1332 praesertim
735 1279 855 1319 Pearsonius

96 1347 185 1403 [Vindio.
196 1349 216 1389 P.
230 1349 243 1388 Ι.
258 1361 274 1388 o.
287 1346 321 1403 2).
346 1349 452 1390 Hutberus
468 1354 532 1390 autern
550 1348 574 1404 [l.
587 1347 617 1405 c.)
634 1355 653 1391 et
665 1350 785 1391 Ublboroos
801 1347 826 1404 (l.
838 1362 854 1389 o.

95 1432 113 1472 p.
126 1417 167 1460 aba
179 1416 237 1473 sqq.)
253 1418 306 1458 benc
321 1418 438 1472 docuerunt,
454 1420 550 1473 Ignatiunr
566 1432 607 1461 non
623 1421 661 1461 nisi
676 1421 696 1461 in
711 1433 775 1460 arreum
790 1431 855 1474 genus

95 1490 254 1539 baereticorum,
278 1488 439 1530 tentatationum
462 1490 506 1531 dico
529 1491 668 1541 Boeotorum,
695 1490 734 1531 tela
757 1490 855 1530 accuisse.

95 1559 169 1599 Beatus
186 1560 237 1600 enirn
253 1558 321 1610 Pater,
343 1559 360 1598 si
376 1560 433 1599 etiam
450 1565 519 1606 corrtra
535 1561 635 1602 Iudaislas
653 1573 714 1602 sensu
729 1561 823 1614 speciali,
844 1574 855 1601 a

95 1629 177 1669 Doceb‘s
190 1629 293 1669 dr'stinctos
304 1633 421 1682 pugnasset,
437 1631 513 1683 absque
525 1632 577 1672 onnri
589 1632 649 1673 dubio
662 1632 720 1672 etiarn
732 1630 757 1671 de
768 1631 856 1672 circurn-

95 1699 172 1739 cisioue
189 1699 249 1739 rerba
265 1698 359 1750 fecisset,
381 1699 435 1753 quod
451 1701 525 1756 nullibi
543 1702 563 1743 in
582 1703 672 1755 epistolis
689 1703 733 1756 ejus
749 1703 855 1755 reperitur.

43 1812 46 1817 ,
93 1769 178 1822 Insuper
189 1769 208 1810 in
220 1769 304 1822 epistola
316 1769 340 1809 ad
351 1770 467 1824 blagnesios
479 1784 494 1811 c.
506 1769 578 1813 8-10
590 1771 693 1812 Iudaislae
707 1773 854 1826 impugnantur,

94 1839 158 1892 capite
182 1843 248 1879 autern
271 1840 364 1892 sequenti
385 1841 444 1894 plane
465 1841 524 1882 iidem
545 1842 641 1882 baeretici
660 1843 769 1884 Docetisnri
791 1854 855 1883 accu-

94 1914 168 1949 santur.
200 1909 295 1960 Accedit,
317 1910 371 1961 quod
393 1910 489 1951 baeretici
509 1912 541 1952 isti
563 1913 620 1952 etiarn
635 1912 769 1952 bierurcbioe
785 1912 854 1952 eccle-

94 1978 187 2018 siasticae
207 1983 357 2031 repugnarent,
380 1979 456 2031 absque
478 1981 552 2022 unitate
576 1994 619 2022 cunr
642 1982 743 2033 episcopo
765 1993 788 2022 se
808 1982 854 2023 Deo

95 2047 147 2087 uniri
167 2059 230 2099 posse
250 2051 354 2099 putarent,
377 2053 397 2088 et
417 2050 460 2089 sine
482 2050 577 2103 episcopo
597 2055 617 2091 et
631 2052 754 2105 presbyteris
770 2052 855 2092 seorsim

95 2127 153 2156 sacra
173 2128 209 2156 sua
230 2121 315 2169 agerent
336 2115 373 2169 [ad
392 2118 458 2171 Magn.
480 2117 527 2160 oti
547 2124 566 2160 et
582 2120 606 2172 t,
628 2121 653 2161 ad
670 2120 743 2161 Pbilad.
766 2134 782 2161 c.
800 2122 818 2162 7.
834 2120 854 2174 8,

95 2184 120 2225 ad
131 2185 190 2225 Trall.
202 2197 218 2224 c.
232 2185 251 2235 l,
268 2185 291 2225 ad
304 2186 381 2239 Srnyrn.
394 2200 410 2227 c.
423 2186 448 2237 83
464 2188 500 2228 clr.
514 2188 613 2239 Ublborn,
629 2190 642 2229 l.
658 2202 674 2230 c.
690 2204 708 2243 p.
720 2189 762 2232 aba
773 2189 817 2244 sq]
835 2190 854 2246 J.

155 2253 179 2310 c]
194 2255 258 2309 HuJus
269 2257 350 2308 generis
362 2255 463 2308 baeretici,
478 2256 600 2298 Judaisnrurn
618 2262 638 2316 et
647 2258 784 2301 Docetisnrurn
795 2272 854 2301 corn-

118 2407 136 2449 1)
154 2407 274 2450 Batracbbnrp
298 2406 330 2440 der
353 2407 465 2452 anicbtipcton
484 2406 582 2450 contendit,
605 2408 626 2441 ab
646 2408 712 2454 ignatio
734 2408 767 2443 duo
790 2420 854 2455 genera

93 2467 187 2500 Bedcnlren
207 2474 261 2510 pepon
282 2465 309 2497 (tia
325 2465 414 2498 Acclttbeit
434 2467 466 2499 cler
483 2465 618 2499 adversariorum
637 2468 742 2512 impugnari,
761 2481 776 2499 a.
788 2471 853 2504 burre-

93 2524 238 2567 Ipnrrtinniccbou
258 2522 328 2565 Briesa,
352 2522 370 2554 in
394 2524 466 2567 Illpenii
484 2525 538 2566 ticos,
562 2526 581 2564 β.
597 2527 735 2569 schismatico&
760 2526 790 2559 sed
809 2526 852 2560 Uhl·

93 2582 219 2625 „Zaira-cbrist
243 2580 275 2623 [air
300 2580 362 2613 bictor.
389 2579 465 2615 Tltcol.“
483 2580 546 2628 hornus
559 2580 578 2625 (l.
589 2592 603 2615 c.
614 2593 631 2626 p.
641 2582 675 2616 287
683 2584 717 2629 sq]
730 2582 775 2617 hene
788 2584 852 2628 docuit,

94 2635 112 2670 Τ.
125 2637 152 2670 ΧΙ.
166 2638 184 2672 P.
197 2637 226 2673 IV.
239 2648 256 2683 p.
270 2636 292 2670 32
304 2647 342 2681 sqq.
484 2649 520 2681 eos,
533 2650 574 2684 quos
583 2640 646 2675 Ritschl
658 2644 786 2678 schismaticos·
796 2648 852 2686 putat,

117 2697 136 2737 2)
150 2699 231 2742 Ritecbl,
255 2693 363 2738 Entstebung
382 2695 413 2728 der
430 2695 464 2728 alt·
482 2697 529 2740 ipsos
542 2697 579 2731 illos
590 2700 708 2743 judaizantes
717 2702 793 2735 Boeotos
806 2711 851 2743 esse,

94 2752 159 2788 bathul.
172 2754 244 2799 Kircbe,
266 2754 314 2790 Boun
331 2752 380 2788 1850.
400 2764 418 2799 p.
431 2754 464 2788 579
483 2754 588 2792 blerarohiae
601 2756 728 2795 ecclesiasque
745 2759 851 2795 resistentes.
