1765 2987
170 176 252 212 luhnnn
264 175 370 212 EPISTOLA
382 177 412 211 Ab
425 178 638 216 Pulnanntennnsns.
651 175 670 215 V.
684 178 711 216 Vl.
778 183 820 225 215

62 288 85 329 V.
116 285 181 327 Orata
195 297 236 337 pro
251 298 289 335 me,
306 285 343 338 qni
360 286 458 339 corzsnpio
474 287 503 328 od
512 287 650 342 Eeoapelinm
665 294 686 331 ct
698 287 834 343 Apostolos.

241 355 351 396 Honerote
366 356 429 396 etium
441 357 557 409 propbetas
575 358 596 399 V.
615 358 636 399 Τ.

119 424 201 465 Fratres
216 426 262 475 mei,
278 424 336 465 valde
353 425 428 467 effusus
444 440 487 468 snm
503 429 522 468 in
537 441 625 470 amorem
639 430 711 483 vestri,
725 433 745 470 et
760 429 820 471 valde

60 496 144 537 laetatus
159 494 236 534 roboro
252 505 302 543 ros3
323 506 363 535 non
380 508 419 549 ego
435 509 496 548 vero,
512 497 548 537 sed
564 497 623 538 Jesns
640 483 741 550 Christus,
762 501 819 553 cnjus

60 564 124 619 gratia
141 563 218 603 vinetus
233 563 278 616 plns
295 563 368 616 timeo,
390 567 435 619 qnia
456 568 544 608 nondum
562 580 604 609 snm
622 568 748 622 ‘perleitns
779 570 820 611 Sed

61 634 125 675 oratio
141 636 210 673 vestra
226 632 250 673 ad
261 632 325 673 Deum
340 646 371 674 me
386 635 483 688 perficiet,
498 642 520 677 ut
536 642 591 678 sorte
607 650 644 690 per
660 639 819 682 misericordiam

59 703 106 744 mihi
121 702 222 756 assignata
237 703 314 755 potiar,
335 702 474 759 trontogtens
495 706 519 746 ad
535 706 667 760 Evangelinm
685 710 778 760 tanquam
795 707 820 747 ad

59 773 191 826 corporaliter
206 777 332 826 praesentem
349 773 459 826 Christum,
481 779 500 816 et
516 776 540 818 ad
557 774 667 828 Apostolos
686 780 779 829 tanquam
795 776 820 816 ad

58 852 156 897 praesens
178 841 277 882 ecclesiae
296 843 449 896 presbyterium.
481 844 520 885 Sed
541 849 561 884 et
575 845 685 898 Prophetas
706 846 818 900 diligamus,

58 914 104 966 qnia
120 916 141 952 et
156 911 194 970 ipsi
210 911 341 965 Evangelinm
358 914 524 965 annuntiaverint,
543 918 562 954 et
575 915 594 955 in
610 912 729 957 3Christum
745 928 819 968 spera-

2 1023 4 1027 ,
58 982 130 1032 verint,
146 986 166 1022 et
181 982 246 1035 ipsum
262 984 424 1035 exspectaverint
429 997 435 1034 ;
452 996 561 1037 perquem
577 989 596 1025 et
613 985 720 1026 credentes
735 986 818 1026 salutem

57 1051 162 1094 consecuti
177 1056 234 1105 sont,
250 1052 300 1093 Jesu
317 1052 395 1094 Christo
411 1055 471 1104 uniti,-
490 1066 550 1107 anrm
567 1059 637 1095 essent
651 1055 726 1107 sancti,
748 1067 818 1096 amore

57 1126 77 1163 et
97 1121 228 1162 admiratione
250 1121 316 1176 digni,
339 1134 350 1162 a
371 1122 422 1164 lesu
440 1122 519 1172 Christo
541 1123 675 1164 testimoninm
695 1122 773 1176 adepti,
798 1128 818 1164 et

57 1192 196 1234 connumerati
210 1191 230 1232 in
246 1190 358 1245 Evangelio
374 1193 417 1246 spei
433 1193 549 1233 communis.

207 1318 238 1359 Vl.
269 1318 312 1359 Nec
328 1324 396 1360 tomen
412 1319 545 1366 dodoirmanr
561 1319 668 1360 admittite.

116 1399 136 1442 Si
152 1400 196 1453 quis
212 1404 278 1441 autem
293 1400 351 1442 vobis
362 1399 485 1441 ludaismnm
499 1399 609 1453 praedicet,
626 1411 652 1440 ne
667 1400 751 1442 audiatis
766 1414 817 1442 eum.

56 1470 127 1513 hiebus
149 1474 180 1511 est
202 1471 266 1522 enim,
288 1484 298 1512 a
321 1471 365 1512 viro
387 1470 505 1511 circumciso
527 1468 718 1511 ⁴¹Christianismum
740 1471 817 1524 audire,

57 1554 114 1595 quam
130 1543 154 1583 ab
170 1541 257 1582 habente
272 1542 397 1596 praeputium
412 1541 541 1582 Judaismnm.
574 1540 594 1582 Si
615 1545 681 1581 autem
697 1541 776 1594 utrique
792 1540 817 1582 de

55 1611 105 1653 Jesn
122 1610 200 1652 Christo
217 1623 257 1652 non
273 1612 391 1666 loquantur,
413 1612 446 1653 isti
467 1611 514 1652 mibi
534 1609 657 1652 ⁵eolnmnae
678 1612 816 1665 sepulchrales

56 1686 76 1722 et
90 1685 214 1722 mortuorum
229 1687 276 1723 sunt
290 1686 418 1724 monumenta
424 1714 429 1734 ,
452 1682 523 1735 quibus
542 1680 643 1721 hominum
659 1683 739 1722 nomina
756 1682 816 1722 dnm-

55 1756 111 1792 taxat
125 1752 219 1804 inscripta
236 1755 287 1792 sunt.
318 1752 388 1806 Fugite
404 1753 464 1807 igitur
480 1751 540 1792 malas
555 1755 608 1791 artes
625 1755 645 1791 et
659 1751 742 1791 insidias
757 1752 816 1804 prin-

56 1821 105 1876 cipis
121 1820 184 1863 seculi
199 1820 265 1876 hujus,
281 1811 398 1874 nequando
410 1821 514 1875 prudentia
526 1821 569 1874 ejus
581 1820 673 1874 oppressi
686 1821 706 1860 in
721 1820 816 1861 charitate

56 1888 190 1946 ⁶langueatis,
215 1891 256 1933 Sed
266 1903 336 1933 omnes
347 1892 397 1933 uniti
407 1892 449 1932 sitis
460 1891 561 1932 indivulso
573 1890 641 1932 corde.
664 1890 741 1931 Gratias
750 1894 816 1931 autem

56 1975 95 2017 aga
112 1962 224 2015 Deomeo,
241 1963 295 2016 qnod
312 1962 378 2016 quoad
395 1975 432 2004 vos
448 1963 500 2003 hona
516 1960 614 2015 gaudeam
633 1960 761 2012 conscientia,
777 1972 816 2001 nec

55 2033 119 2086 possit
135 2033 240 2086 quisquam
255 2033 348 2087 gloriari,
370 2034 404 2075 rel
424 2037 504 2075 secreto
525 2031 557 2072 v'el
572 2031 648 2085 palam,
669 2043 727 2073 ame
743 2043 816 2085 qnem—
861 2062 863 2066 .

55 2169 94 2193 esso
107 2158 231 2202 accipiendum.
250 2160 359 2205 Lasainpinr
373 2157 425 2204 [Opp.
469 2157 487 2202 3]
500 2158 539 2192 Vet.
552 2157 584 2192 lnt.
597 2158 639 2203 legit
651 2157 672 2194 εἷς
685 2155 763 2200 Χριστόν.

56 2216 83 2250 ed.
94 2216 195 2250 Lachmann.
205 2215 223 2250 T.
231 2215 259 2250 xl.
269 2228 285 2262 p.
295 2217 337 2261 567.)
350 2218 372 2250 ita
382 2218 426 2251 seri·
467 2216 487 2257 4)
502 2214 634 2260 Χριστιονιομὸν.
660 2215 739 2257 Quaere,
758 2224 779 2248 an
797 2221 817 2248 ut

55 2274 130 2308 bendum
149 2285 188 2309 esse
207 2281 266 2320 putat:
287 2272 384 2319 προσφορῶν
403 2277 426 2318 τῷ
445 2274 545 2308 Antiochiae
562 2274 616 2318 primo
633 2283 696 2307 nomen
713 2270 815 2316 Χριστιανός,

54 2330 138 2376 {necabatur
150 2331 170 2370 οἷς
182 2334 228 2378 caput
239 2329 289 2375 ‘Ipnoi
302 2333 384 2375 Χριστοῦ,
400 2334 425 2365 aad
444 2335 467 2367 ita
480 2333 500 2366 ab
513 2332 590 2378 ignatio,
607 2330 710 2365 AntIochiae
727 2332 815 2374 episcopo,

55 2395 88 2428 τοῖς
100 2392 254 2437 πρεσβυτέροις
266 2389 346 2433 laetantia
354 2387 426 2427 ώςᾰπο-
445 2392 516 2436 prirnurn
532 2395 614 2435 usurpata
628 2399 663 2424 vox
677 2387 814 2433 Xpioriertc,u⁰'s.²

55 2447 125 2491 ordinis.
151 2449 184 2483 Alii
204 2445 295 2493 εὐαγγέλιον
316 2449 338 2483 de
358 2450 426 2489 scriptis
444 2452 532 2483 Pnansor.

54 2506 161 2552 Erangeliis,
174 2503 263 2538 οἷπόστολοι
272 2506 293 2540 de
301 2508 426 2552 seriptisbpo-
468 2507 486 2550 5]
499 2507 569 2548 Στῆλαι,
582 2499 673 2541 columnae
685 2505 813 2550 sepulchrales.

55 2565 148 2608 stolorum,
165 2566 246 2609 προφῆται
263 2565 285 2598 de
302 2566 369 2609 scriptis
381 2564 425 2598 Pro-
468 2564 487 2606 6)
505 2564 530 2598 lta
552 2570 601 2597 recte
622 2563 674 2596 hahet
693 2561 814 2607 lntaerpnlator.

55 2623 144 2669 phetarurn
154 2634 185 2658 seu
194 2622 240 2657 dev.
247 2622 265 2656 T.
274 2624 366 2668 accipiunt.
382 2622 426 2657 hlale
445 2622 486 2657 Cod.
495 2622 533 2666 tls,
545 2623 562 2656 ln
576 2632 608 2667 quo
621 2634 637 2653 αι
649 2621 750 2665 saepissime
763 2630 815 2665 proc

55 2683 179 2718 Eichhornina
192 2682 214 2715 de
227 2681 317 2725 Prophetis
329 2685 373 2719 ainai
384 2682 425 2715 foe·
444 2681 546 2723 scribuntur,
560 2681 629 2714 exhibet
641 2677 767 2722 {barbariam
782 2681 814 2714 Ja-

56 2739 424 2775 derisseudoctoribuschristianissomniat.
444 2750 515 2774 oonson.
