1765 2987
74 154 91 190 S.
106 151 244 196 POLYCARPI]
369 150 540 187 Pnotaoounua
567 203 568 206 Ἴ
624 155 625 158 ’
768 151 834 186 LXXXI

73 261 191 315 praesertim
212 270 259 311 eos,
282 258 316 311 qui
336 258 361 299 de
377 257 396 299 S.
411 258 487 312 Ignatio
511 263 530 300 et
552 261 595 314 eJ'us
612 259 702 313 epistolis
719 259 834 312 loquuntur,

73 332 93 372 in
110 331 244 384 suspicionem
260 329 419 381 interpolationis
436 329 537 369 adducere
558 334 641 370 conatus
660 335 691 370 est
709 343 749 371 non
766 343 833 382 utpu-

73 401 154 450 mentis,
170 399 206 440 sed
217 398 341 439 arborarida
351 400 480 450 conjecturis
490 400 583 439 insistens
590 413 596 449 ς
613 400 643 439 001
654 401 707 439 bene
719 405 739 440 et
750 401 834 453 copiose

73 469 178 523 respondit
193 468 227 508 Dr.
243 467 364 520 Deaaiaper
384 469 404 508 in
420 469 504 523 Tubing.
521 468 582 508 theol.
599 469 752 516 Quartalschrilt
770 466 832 511 1851.

73 552 91 593 p.
108 533 230 588 aea-dot.

132 610 154 649 V.
180 606 287 660 Epistulam
304 607 322 647 S.
338 607 441 660 Polycarpi
458 606 517 660 paulo
534 610 580 658 post
595 607 711 660 martyrium
727 606 745 647 S.
762 607 833 658 Ignatii

74 681 174 718 exaratam
195 688 252 727 esse,
274 690 300 717 ex
320 678 403 730 epistola
419 680 462 730 ipsa
481 677 594 726 erudimur,
615 689 632 716 0.
651 675 683 717 13.
716 676 756 716 cu.
772 689 833 729 supra

72 761 91 801 p.
106 747 141 787 XL
157 759 198 799 sq„
215 759 267 799 quae
283 747 308 786 de
324 752 414 799 tempore
430 747 499 788 mortis
515 746 534 787 S.
551 747 620 801 ignatii
638 745 788 799 disputavimus.

131 816 162 856 vt
188 816 242 857 Haec
258 816 342 869 epistola
358 829 426 856 ruauca
443 817 526 856 hahetur
540 817 558 857 in
573 817 664 856 omnihus
678 816 758 868 graecis
772 814 835 856 codi-...

73 887 129 927 cibus
145 887 207 926 mstis.
239 885 274 926 Ubi
290 890 355 926 autem
372 886 452 927 codices
469 886 573 937 deliciunt,
595 887 621 926 ini
638 885 764 926 continenter
780 885 832 925 sub-

71 957 157 996 nectitur
179 955 263 1008 epistola
286 955 399 1007 Barnabae,
425 955 460 995 sed
487 958 551 1009 capite
577 959 675 997 truncato.
708 954 747 995 cu.
771 967 833 1008 supra

73 1039 90 1080 p.
106 1025 157 1068 XVI.
173 1026 207 1067 Nr.
224 1025 263 1068 Vll.
280 1030 300 1066 et
315 1038 333 1079 p.
352 1023 369 1066 1.
385 1025 430 1067 Not.
449 1023 467 1065 2.

131 1097 199 1137 Totam
213 1108 263 1137 vero
274 1096 378 1150 Polycarpi
391 1096 494 1149 epistolam
508 1100 567 1137 vetus
583 1096 641 1137 uobis
653 1095 742 1137 servavit
755 1095 830 1146 versio,

72 1180 130 1221 quam
146 1168 220 1220 primus
235 1162 289 1208 1498
299 1166 385 1220 Parisiis,
401 1168 425 1207 ab
441 1167 485 1220 ipso
502 1168 609 1220 inventam,
626 1166 726 1221 evulgavit
742 1165 831 1208 Jacoous

71 1237 136 1279 Faber·
152 1236 280 1289 stapulensis.

131 1306 208 1348 Graece
225 1311 244 1347 el
259 1306 319 1347 latine
335 1306 408 1361 primus
425 1307 529 1361 epistolam
550 1307 569 1348 in
589 1305 654 1348 lucem
670 1307 752 1361 protulit
767 1307 832 1349 Duaoi

73 1375 128 1419 1633
140 1377 211 1418 Petrus
222 1377 339 1428 Halloirrius,
356 1388 383 1417 ex
398 1378 515 1432 apographo
531 1377 632 1418 Francisci
647 1378 743 1428 Turriani,
760 1390 770 1418 a
787 1379 831 1419 viro

72 1448 188 1490 doctissimo
205 1446 281 1490 Jacobo
298 1448 403 1490 Sirmondo
421 1448 439 1489 S.
455 1448 472 1488 J.
489 1448 513 1489 ad
530 1447 583 1489 illum
599 1449 716 1489 transmisso
729 1445 754 1502 ¹).
785 1447 832 1488 Post

72 1531 135 1559 annos
158 1516 186 1560 14
205 1517 292 1559 Jacohus
314 1517 407 1559 Usserius
427 1519 478 1560 aliud
500 1523 569 1560 nactus
592 1519 705 1572 exemplar,
729 1517 781 1570 quod
805 1530 832 1558 ex

72 1588 167 1630 Andreae
183 1588 258 1630 Schotti
279 1588 396 1641 apographo
417 1588 509 1629 Claudius
530 1589 637 1630 Salmasius
658 1601 716 1629 manu
736 1600 771 1628 sua
793 1586 832 1627 de-

72 1659 167 1712 scriptum
183 1670 227 1698 cum
243 1657 311 1698 lsaaco
328 1659 401 1699 Vossio
418 1660 606 1710 communicaverat,
625 1659 671 1700 illud
689 1658 771 1700 contulit
787 1671 831 1698 cum

72 1727 126 1768 edito
137 1727 261 1777 Halloixano,
278 1731 337 1780 atque
352 1728 403 1769 hauc
414 1729 577 1782 Polycarpianam
590 1722 693 1782 epistolam
704 1741 749 1768 oum
761 1732 831 1768 vetere

71 1797 182 1850 interprete
197 1796 282 1838 Londini
305 1798 406 1851 evulgavit
428 1796 495 1849 1641;
519 1811 576 1851 quam
598 1798 669 1839 deinde
690 1810 743 1838 nova
765 1798 830 1838 inter-

71 1867 184 1921 pretatione
203 1868 319 1908 adornatam
340 1868 429 1910 exhibuit
449 1869 567 1909 Cotelerius.
598 1868 657 1909 Anno
678 1866 733 1910 111111
756 1867 829 1921 prodiit

72 1937 160 1978 Thonrae
171 1938 246 1979 Smithii
263 1938 324 1978 editio
340 1926 451 1991 praestans,
468 1951 552 1990 eamque
568 1935 655 1979 secutus
665 1937 829 1979 est-Gallandius.

71 2007 139 2047 Novas
161 2007 247 2060 denique
269 2008 368 2049 editiones
385 2007 454 2060 1838,
478 2005 534 2049 1840
550 2012 570 2048 01
587 2006 642 2049 teda
659 2007 764 2048 adornavit
780 2007 831 2048 Gui-

71 2077 148 2118 lielmus
164 2078 302 2130 Jacobsouus‚
325 2079 427 2120 codicibus
444 2080 551 2132 Vaticano,
573 2079 662 2119 Parisino
684 2082 704 2119 et
723 2078 830 2119 110011000-

71 2148 204 2189 Laurentiano
220 2160 275 2189 usus,

115 2210 170 2259 'Vll
201 2218 232 2259 De
251 2219 357 2273 Polycarpi
378 2220 478 2261 (doctrine
500 2220 651 2272 disputaverunt
672 2214 830 2271 Lrtmper·us²],

71 2287 183 2342 Repositis,
199 2289 276 2329 duatus
293 2301 316 2329 ac
331 2302 374 2331 000
392 2288 488 2345 611003),
504 2285 643 2342 11011004)
660 2293 679 2328 et
695 2288 733 2327 alii.

96 2413 115 2458 1)
128 2413 163 2448 cfr.
176 2425 227 2458 snpra
239 2427 255 2459 p.
268 2414 311 2449 XVI.
324 2408 354 2448 Nr.
368 2415 403 2450 Vll.
460 2420 525 2459 patrum
550 2419 604 2459 apost.
629 2414 688 2447 morali
712 2425 729 2458 p.
749 2412 829 2455 60-693

95 2471 114 2514 2)
127 2472 168 2507 Hist.
175 2472 227 2506 theol.
235 2474 270 2506 crit.
278 2472 295 2506 Τ,
301 2472 312 2505 Ι.
320 2484 336 2516 p.
342 2472 440 2508 351-356.
459 2486 475 2518 p.
490 2473 568 2514 74-843
576 2471 597 2516 hp.
612 2471 686 2505 a5-78.

95 2528 115 2573 3)
134 2528 290 2565 commentationes
311 2530 333 2564 de
355 2530 442 2577 theologia
483 2532 502 2575 4)
516 2530 603 2575 Patrolog.
616 2529 634 2563 Τ.
647 2529 659 2562 Ι.
673 2540 689 2573 p.
704 2527 802 2564 tae-162.

372 2677 527 2684 ἠ..-

428 2685 430 2693 ι
