<?xml version="1.0" encoding="UTF-8"?>
<!DOCTYPE html PUBLIC "-//W3C//DTD XHTML 1.0 Transitional//EN"
    "http://www.w3.org/TR/xhtml1/DTD/xhtml1-transitional.dtd">
<html xmlns="http://www.w3.org/1999/xhtml" xml:lang="en" lang="en">
 <head>
  <title>
</title>
<meta http-equiv="Content-Type" content="text/html;charset=utf-8" />
  <meta name='ocr-system' content='tesseract 3.04.00' />
  <meta name='ocr-capabilities' content='ocr_page ocr_carea ocr_par ocr_line ocrx_word'/>
</head>
<body>
  <div class='ocr_page' id='page_1' title='image "MN40298ucmf_0_0121.png"; bbox 0 0 1765 2987; ppageno 0'>
   <div class='ocr_carea' id='block_1_1' title="bbox 66 151 826 204">
    <p class='ocr_par' dir='ltr' id='par_1_1' title="bbox 66 151 826 204">
     <span class='ocr_line' id='line_1_1' title="bbox 66 151 826 204; baseline -0.004 -13"><span class='ocrx_word' id='word_1_1' title='bbox 66 155 161 204; x_wconf 75' lang='lat' dir='ltr'><strong>[PASTOR</strong></span> <span class='ocrx_word' id='word_1_2' title='bbox 173 154 282 200; x_wconf 72' lang='lat' dir='ltr'><strong>usturam]</strong></span> <span class='ocrx_word' id='word_1_3' title='bbox 358 151 531 189; x_wconf 78' lang='lat' dir='ltr'><strong>Pnouuuoutuun.</strong></span> <span class='ocrx_word' id='word_1_4' title='bbox 771 152 826 188; x_wconf 81' lang='lat' dir='ltr'>XCIII</span> 
     </span>
    </p>
   </div>
   <div class='ocr_carea' id='block_1_2' title="bbox 64 258 825 808">
    <p class='ocr_par' dir='ltr' id='par_1_2' title="bbox 141 258 825 387">
     <span class='ocr_line' id='line_1_2' title="bbox 141 258 825 316; baseline -0.003 -13"><span class='ocrx_word' id='word_1_5' title='bbox 141 262 287 316; x_wconf 89' lang='lat' dir='ltr'><strong>conscripsisse</strong></span> <span class='ocrx_word' id='word_1_6' title='bbox 305 261 422 315; x_wconf 90' lang='lat' dir='ltr'><strong>profiteatur</strong></span> <span class='ocrx_word' id='word_1_7' title='bbox 438 273 455 300; x_wconf 89' lang='lat' dir='ltr'><strong>o.</strong></span> <span class='ocrx_word' id='word_1_8' title='bbox 474 258 510 312; x_wconf 88' lang='grc'>11,</span> <span class='ocrx_word' id='word_1_9' title='bbox 533 273 577 302; x_wconf 88' lang='lat' dir='ltr'><strong>cum</strong></span> <span class='ocrx_word' id='word_1_10' title='bbox 594 262 649 316; x_wconf 87' lang='lat' dir='ltr'><strong>prior</strong></span> <span class='ocrx_word' id='word_1_11' title='bbox 664 271 711 315; x_wconf 91' lang='lat' dir='ltr'><strong>pars</strong></span> <span class='ocrx_word' id='word_1_12' title='bbox 730 261 825 302; x_wconf 92' lang='lat' dir='ltr'><strong>nonnisi</strong></span> 
     </span>
     <span class='ocr_line' id='line_1_3' title="bbox 141 331 761 387; baseline -0.005 -13"><span class='ocrx_word' id='word_1_13' title='bbox 141 333 298 387; x_wconf 78' lang='lat' dir='ltr'><strong>quaestionibus,</strong></span> <span class='ocrx_word' id='word_1_14' title='bbox 314 332 338 373; x_wconf 92' lang='lat' dir='ltr'><strong>ab</strong></span> <span class='ocrx_word' id='word_1_15' title='bbox 354 331 418 373; x_wconf 88' lang='lat' dir='ltr'><strong>amico</strong></span> <span class='ocrx_word' id='word_1_16' title='bbox 433 331 548 385; x_wconf 84' lang='lat' dir='ltr'><strong>propositis,</strong></span> <span class='ocrx_word' id='word_1_17' title='bbox 564 331 691 385; x_wconf 82' lang='lat' dir='ltr'><strong>respondere</strong></span> <span class='ocrx_word' id='word_1_18' title='bbox 706 331 761 372; x_wconf 88' lang='lat' dir='ltr'><strong>velit.</strong></span> 
     </span>
    </p>

    <p class='ocr_par' dir='ltr' id='par_1_3' title="bbox 65 397 824 668">
     <span class='ocr_line' id='line_1_4' title="bbox 124 397 824 458; baseline -0.003 -14"><span class='ocrx_word' id='word_1_19' title='bbox 124 402 145 444; x_wconf 87' lang='lat' dir='ltr'><strong>In</strong></span> <span class='ocrx_word' id='word_1_20' title='bbox 167 403 230 458; x_wconf 90' lang='lat' dir='ltr'><strong>prima</strong></span> <span class='ocrx_word' id='word_1_21' title='bbox 250 402 330 455; x_wconf 92' lang='lat' dir='ltr'><strong>quidem</strong></span> <span class='ocrx_word' id='word_1_22' title='bbox 350 403 428 445; x_wconf 84' lang='lat' dir='ltr'><strong>Petrum</strong></span> <span class='ocrx_word' id='word_1_23' title='bbox 449 397 606 457; x_wconf 86' lang='lat' dir='ltr'><strong>apostolicorum</strong></span> <span class='ocrx_word' id='word_1_24' title='bbox 628 403 715 445; x_wconf 75' lang='lat' dir='ltr'>editione</span> <span class='ocrx_word' id='word_1_25' title='bbox 734 402 824 443; x_wconf 86' lang='lat' dir='ltr'><strong>Bbbiium</strong></span> 
     </span>
     <span class='ocr_line' id='line_1_5' title="bbox 65 473 823 528; baseline 0 -15"><span class='ocrx_word' id='word_1_26' title='bbox 65 476 142 515; x_wconf 86' lang='lat' dir='ltr'><strong>temere</strong></span> <span class='ocrx_word' id='word_1_27' title='bbox 158 473 183 514; x_wconf 92' lang='lat' dir='ltr'><strong>de</strong></span> <span class='ocrx_word' id='word_1_28' title='bbox 198 474 315 528; x_wconf 83' lang='lat' dir='ltr'><strong>integritate</strong></span> <span class='ocrx_word' id='word_1_29' title='bbox 335 473 432 527; x_wconf 88' lang='lat' dir='ltr'><strong>epistolae</strong></span> <span class='ocrx_word' id='word_1_30' title='bbox 452 478 533 514; x_wconf 84' lang='lat' dir='ltr'><strong>nostrae</strong></span> <span class='ocrx_word' id='word_1_31' title='bbox 554 473 655 514; x_wconf 75' lang='lat' dir='ltr'><strong>dubitasse</strong></span> <span class='ocrx_word' id='word_1_32' title='bbox 677 473 823 524; x_wconf 74' lang='lat' dir='ltr'><strong>contendimus,</strong></span> 
     </span>
     <span class='ocr_line' id='line_1_6' title="bbox 65 542 824 597; baseline 0 -14"><span class='ocrx_word' id='word_1_33' title='bbox 65 555 119 584; x_wconf 87' lang='lat' dir='ltr'><strong>nunc</strong></span> <span class='ocrx_word' id='word_1_34' title='bbox 134 547 207 595; x_wconf 89' lang='lat' dir='ltr'><strong>autem,</strong></span> <span class='ocrx_word' id='word_1_35' title='bbox 223 555 246 583; x_wconf 88' lang='lat' dir='ltr'><strong>re</strong></span> <span class='ocrx_word' id='word_1_36' title='bbox 261 543 352 585; x_wconf 88' lang='lat' dir='ltr'><strong>subtilius</strong></span> <span class='ocrx_word' id='word_1_37' title='bbox 368 549 388 584; x_wconf 87' lang='lat' dir='ltr'><strong>et</strong></span> <span class='ocrx_word' id='word_1_38' title='bbox 403 544 469 585; x_wconf 86' lang='lat' dir='ltr'><strong>acrius</strong></span> <span class='ocrx_word' id='word_1_39' title='bbox 484 554 592 597; x_wconf 88' lang='lat' dir='ltr'><strong>perpensa,</strong></span> <span class='ocrx_word' id='word_1_40' title='bbox 609 555 679 595; x_wconf 88' lang='lat' dir='ltr'><strong>parum</strong></span> <span class='ocrx_word' id='word_1_41' title='bbox 695 543 757 595; x_wconf 87' lang='lat' dir='ltr'><strong>abest,</strong></span> <span class='ocrx_word' id='word_1_42' title='bbox 776 542 824 597; x_wconf 90' lang='lat' dir='ltr'><strong>quin</strong></span> 
     </span>
     <span class='ocr_line' id='line_1_7' title="bbox 65 610 729 668; baseline -0.005 -14"><span class='ocrx_word' id='word_1_43' title='bbox 65 617 85 654; x_wconf 89' lang='lat' dir='ltr'><strong>et</strong></span> <span class='ocrx_word' id='word_1_44' title='bbox 100 625 138 654; x_wconf 94' lang='lat' dir='ltr'><strong>nos</strong></span> <span class='ocrx_word' id='word_1_45' title='bbox 154 613 287 666; x_wconf 81' lang='lat' dir='ltr'><strong>posteriorem</strong></span> <span class='ocrx_word' id='word_1_46' title='bbox 303 615 360 654; x_wconf 91' lang='lat' dir='ltr'><strong>istam</strong></span> <span class='ocrx_word' id='word_1_47' title='bbox 376 618 452 668; x_wconf 89' lang='lat' dir='ltr'><strong>partem</strong></span> <span class='ocrx_word' id='word_1_48' title='bbox 467 613 555 665; x_wconf 88' lang='lat' dir='ltr'><strong>spuriam</strong></span> <span class='ocrx_word' id='word_1_49' title='bbox 572 624 689 653; x_wconf 78' lang='lat' dir='ltr'><strong>censeamus</strong></span> <span class='ocrx_word' id='word_1_50' title='bbox 702 610 729 665; x_wconf 84' lang='lat'><strong>¹).</strong></span> 
     </span>
    </p>

    <p class='ocr_par' dir='ltr' id='par_1_4' title="bbox 64 677 823 808">
     <span class='ocr_line' id='line_1_8' title="bbox 122 677 823 737; baseline -0.001 -15"><span class='ocrx_word' id='word_1_51' title='bbox 122 682 145 722; x_wconf 88' lang='lat' dir='ltr'><strong>V.</strong></span> <span class='ocrx_word' id='word_1_52' title='bbox 169 683 198 723; x_wconf 88' lang='lat' dir='ltr'><strong>De</strong></span> <span class='ocrx_word' id='word_1_53' title='bbox 209 683 308 724; x_wconf 80' lang='lat' dir='ltr'><strong>doctrino</strong></span> <span class='ocrx_word' id='word_1_54' title='bbox 318 685 415 737; x_wconf 87' lang='lat' dir='ltr'><strong>epistolae</strong></span> <span class='ocrx_word' id='word_1_55' title='bbox 426 689 508 725; x_wconf 82' lang='lat' dir='ltr'><strong>nostrae</strong></span> <span class='ocrx_word' id='word_1_56' title='bbox 519 682 555 723; x_wconf 85' lang='lat' dir='ltr'><strong>cfr.</strong></span> <span class='ocrx_word' id='word_1_57' title='bbox 565 682 656 736; x_wconf 81' lang='lat' dir='ltr'><strong>Lumpm·</strong></span> <span class='ocrx_word' id='word_1_58' title='bbox 665 680 694 737; x_wconf 73' lang='lat'><strong>²),</strong></span> <span class='ocrx_word' id='word_1_59' title='bbox 706 682 787 722; x_wconf 73' lang='lat' dir='ltr'><strong>nictum</strong></span> <span class='ocrx_word' id='word_1_60' title='bbox 794 677 823 735; x_wconf 80' lang='grc'><strong>3),</strong></span> 
     </span>
     <span class='ocr_line' id='line_1_9' title="bbox 64 750 396 808; baseline 0.006 -16"><span class='ocrx_word' id='word_1_61' title='bbox 64 752 204 793; x_wconf 82' lang='lat' dir='ltr'><strong>Permaneder</strong></span> <span class='ocrx_word' id='word_1_62' title='bbox 215 750 244 808; x_wconf 66' lang='lat'><strong>⁴),</strong></span> <span class='ocrx_word' id='word_1_63' title='bbox 262 753 309 795; x_wconf 88' lang='lat' dir='ltr'><strong>Otto</strong></span> <span class='ocrx_word' id='word_1_64' title='bbox 322 751 342 808; x_wconf 84' lang='lat'><strong>⁵]</strong></span> <span class='ocrx_word' id='word_1_65' title='bbox 359 758 396 794; x_wconf 89' lang='lat' dir='ltr'><strong>etc.</strong></span> 
     </span>
    </p>
   </div>
   <div class='ocr_carea' id='block_1_3' title="bbox 364 887 521 894">
    <p class='ocr_par' dir='ltr' id='par_1_5' title="bbox 364 887 521 894">
     <span class='ocr_line' id='line_1_10' title="bbox 364 887 521 894; baseline -0.006 0"><span class='ocrx_word' id='word_1_66' title='bbox 364 887 521 894; x_wconf 75' lang='grc'>-...-...--</span> 
     </span>
    </p>
   </div>
   <div class='ocr_carea' id='block_1_4' title="bbox 238 981 650 1038">
    <p class='ocr_par' dir='ltr' id='par_1_6' title="bbox 238 981 650 1038">
     <span class='ocr_line' id='line_1_11' title="bbox 238 981 650 1038; baseline -0.002 0"><span class='ocrx_word' id='word_1_67' title='bbox 238 984 291 1038; x_wconf 85' lang='lat' dir='ltr'>IIII.</span> <span class='ocrx_word' id='word_1_68' title='bbox 327 982 365 1037; x_wconf 83' lang='lat' dir='ltr'><strong>bu</strong></span> <span class='ocrx_word' id='word_1_69' title='bbox 383 981 509 1037; x_wconf 74' lang='lat' dir='ltr'><strong>Pisidas</strong></span> <span class='ocrx_word' id='word_1_70' title='bbox 527 982 650 1037; x_wconf 81' lang='lat' dir='ltr'><strong>HERMIE.</strong></span> 
     </span>
    </p>
   </div>
   <div class='ocr_carea' id='block_1_5' title="bbox 61 1101 822 1511">
    <p class='ocr_par' dir='ltr' id='par_1_7' title="bbox 61 1101 822 1511">
     <span class='ocr_line' id='line_1_12' title="bbox 123 1101 822 1157; baseline 0 -14"><span class='ocrx_word' id='word_1_71' title='bbox 123 1101 138 1143; x_wconf 95' lang='lat' dir='ltr'><strong>I.</strong></span> <span class='ocrx_word' id='word_1_72' title='bbox 161 1101 238 1144; x_wconf 85' lang='lat' dir='ltr'><strong>Auctor</strong></span> <span class='ocrx_word' id='word_1_73' title='bbox 247 1102 335 1144; x_wconf 88' lang='lat' dir='ltr'><strong>Pastoris</strong></span> <span class='ocrx_word' id='word_1_74' title='bbox 346 1102 426 1155; x_wconf 90' lang='lat' dir='ltr'><strong>saepius</strong></span> <span class='ocrx_word' id='word_1_75' title='bbox 437 1112 461 1142; x_wconf 94' lang='lat' dir='ltr'><strong>se</strong></span> <span class='ocrx_word' id='word_1_76' title='bbox 471 1101 535 1155; x_wconf 88' lang='lat' dir='ltr'><strong>ipsum</strong></span> <span class='ocrx_word' id='word_1_77' title='bbox 545 1101 637 1143; x_wconf 88' lang='lat' dir='ltr'><strong>Hermam</strong></span> <span class='ocrx_word' id='word_1_78' title='bbox 651 1102 742 1157; x_wconf 87' lang='lat' dir='ltr'><strong>appellat.</strong></span> <span class='ocrx_word' id='word_1_79' title='bbox 773 1102 822 1151; x_wconf 87' lang='lat' dir='ltr'><strong>Quis</strong></span> 
     </span>
     <span class='ocr_line' id='line_1_13' title="bbox 64 1171 822 1226; baseline -0.003 -11"><span class='ocrx_word' id='word_1_80' title='bbox 64 1184 114 1215; x_wconf 92' lang='lat' dir='ltr'><strong>vero</strong></span> <span class='ocrx_word' id='word_1_81' title='bbox 130 1172 215 1215; x_wconf 90' lang='lat' dir='ltr'><strong>Hermas</strong></span> <span class='ocrx_word' id='word_1_82' title='bbox 230 1172 263 1214; x_wconf 90' lang='lat' dir='ltr'><strong>hio</strong></span> <span class='ocrx_word' id='word_1_83' title='bbox 279 1172 351 1226; x_wconf 81' lang='lat' dir='ltr'><strong>suerit,</strong></span> <span class='ocrx_word' id='word_1_84' title='bbox 367 1177 387 1214; x_wconf 89' lang='lat' dir='ltr'><strong>et</strong></span> <span class='ocrx_word' id='word_1_85' title='bbox 403 1184 442 1225; x_wconf 92' lang='lat' dir='ltr'><strong>quo</strong></span> <span class='ocrx_word' id='word_1_86' title='bbox 458 1176 550 1226; x_wconf 89' lang='lat' dir='ltr'><strong>tempore</strong></span> <span class='ocrx_word' id='word_1_87' title='bbox 565 1171 650 1226; x_wconf 82' lang='lat' dir='ltr'><strong>vixerit,</strong></span> <span class='ocrx_word' id='word_1_88' title='bbox 666 1185 677 1214; x_wconf 90' lang='lat' dir='ltr'><strong>a</strong></span> <span class='ocrx_word' id='word_1_89' title='bbox 693 1173 741 1214; x_wconf 89' lang='lat' dir='ltr'><strong>viris</strong></span> <span class='ocrx_word' id='word_1_90' title='bbox 758 1172 822 1214; x_wconf 89' lang='lat' dir='ltr'><strong>doctis</strong></span> 
     </span>
     <span class='ocr_line' id='line_1_14' title="bbox 63 1242 822 1298; baseline 0 -15"><span class='ocrx_word' id='word_1_91' title='bbox 63 1242 179 1296; x_wconf 85' lang='lat' dir='ltr'><strong>disputatur.</strong></span> <span class='ocrx_word' id='word_1_92' title='bbox 209 1242 305 1285; x_wconf 84' lang='lat' dir='ltr'><strong>irenaeus</strong></span> <span class='ocrx_word' id='word_1_93' title='bbox 322 1249 342 1285; x_wconf 89' lang='lat' dir='ltr'><strong>et</strong></span> <span class='ocrx_word' id='word_1_94' title='bbox 354 1243 445 1284; x_wconf 87' lang='lat' dir='ltr'><strong>Clemens</strong></span> <span class='ocrx_word' id='word_1_95' title='bbox 457 1242 612 1296; x_wconf 85' lang='lat' dir='ltr'><strong>Alexandrinus,</strong></span> <span class='ocrx_word' id='word_1_96' title='bbox 628 1244 662 1297; x_wconf 93' lang='lat' dir='ltr'><strong>qui</strong></span> <span class='ocrx_word' id='word_1_97' title='bbox 677 1244 734 1298; x_wconf 92' lang='lat' dir='ltr'><strong>primi</strong></span> <span class='ocrx_word' id='word_1_98' title='bbox 749 1244 822 1284; x_wconf 88' lang='lat' dir='ltr'><strong>librum</strong></span> 
     </span>
     <span class='ocr_line' id='line_1_15' title="bbox 62 1312 822 1368; baseline 0.001 -14"><span class='ocrx_word' id='word_1_99' title='bbox 62 1313 150 1355; x_wconf 79' lang='lat' dir='ltr'><strong>Pastoris</strong></span> <span class='ocrx_word' id='word_1_100' title='bbox 166 1312 305 1368; x_wconf 84' lang='lat' dir='ltr'><strong>laudaverunt,</strong></span> <span class='ocrx_word' id='word_1_101' title='bbox 321 1314 346 1355; x_wconf 92' lang='lat' dir='ltr'><strong>de</strong></span> <span class='ocrx_word' id='word_1_102' title='bbox 361 1313 431 1368; x_wconf 89' lang='lat' dir='ltr'><strong>patria,</strong></span> <span class='ocrx_word' id='word_1_103' title='bbox 447 1324 524 1367; x_wconf 83' lang='lat' dir='ltr'><strong>genere</strong></span> <span class='ocrx_word' id='word_1_104' title='bbox 536 1318 555 1355; x_wconf 82' lang='lat' dir='ltr'><strong>ei</strong></span> <span class='ocrx_word' id='word_1_105' title='bbox 565 1318 630 1356; x_wconf 90' lang='lat' dir='ltr'><strong>aetate</strong></span> <span class='ocrx_word' id='word_1_106' title='bbox 640 1313 727 1355; x_wconf 88' lang='lat' dir='ltr'><strong>Hermae</strong></span> <span class='ocrx_word' id='word_1_107' title='bbox 738 1325 822 1367; x_wconf 88' lang='lat' dir='ltr'><strong>prorsus</strong></span> 
     </span>
     <span class='ocr_line' id='line_1_16' title="bbox 62 1382 822 1439; baseline 0 -14"><span class='ocrx_word' id='word_1_108' title='bbox 62 1384 126 1425; x_wconf 84' lang='lat' dir='ltr'><strong>silent.</strong></span> <span class='ocrx_word' id='word_1_109' title='bbox 158 1382 258 1438; x_wconf 79' lang='lat' dir='ltr'><strong>Origenes</strong></span> <span class='ocrx_word' id='word_1_110' title='bbox 279 1388 357 1436; x_wconf 89' lang='lat' dir='ltr'><strong>autem,</strong></span> <span class='ocrx_word' id='word_1_111' title='bbox 378 1383 482 1439; x_wconf 84' lang='lat' dir='ltr'><strong>epistolam</strong></span> <span class='ocrx_word' id='word_1_112' title='bbox 503 1385 528 1426; x_wconf 92' lang='lat' dir='ltr'><strong>ad</strong></span> <span class='ocrx_word' id='word_1_113' title='bbox 548 1384 650 1427; x_wconf 86' lang='lat' dir='ltr'><strong>Romanos</strong></span> <span class='ocrx_word' id='word_1_114' title='bbox 671 1383 710 1437; x_wconf 80' lang='lat' dir='ltr'><strong>to,</strong></span> <span class='ocrx_word' id='word_1_115' title='bbox 734 1383 761 1426; x_wconf 79' lang='lat' dir='ltr'><strong>tc</strong></span> <span class='ocrx_word' id='word_1_116' title='bbox 782 1398 822 1425; x_wconf 85' lang='lat' dir='ltr'><strong>ex-</strong></span> 
     </span>
     <span class='ocr_line' id='line_1_17' title="bbox 61 1452 822 1511; baseline -0.001 -15"><span class='ocrx_word' id='word_1_117' title='bbox 61 1456 145 1509; x_wconf 81' lang='lat' dir='ltr'><strong>planans</strong></span> <span class='ocrx_word' id='word_1_118' title='bbox 157 1452 190 1511; x_wconf 82' lang='grc'><strong>6),</strong></span> <span class='ocrx_word' id='word_1_119' title='bbox 207 1455 299 1497; x_wconf 89' lang='lat' dir='ltr'><strong>Hermam</strong></span> <span class='ocrx_word' id='word_1_120' title='bbox 315 1468 326 1496; x_wconf 90' lang='lat' dir='ltr'><strong>a</strong></span> <span class='ocrx_word' id='word_1_121' title='bbox 343 1455 362 1499; x_wconf 86' lang='lat' dir='ltr'><strong>S.</strong></span> <span class='ocrx_word' id='word_1_122' title='bbox 377 1455 438 1497; x_wconf 90' lang='lat' dir='ltr'><strong>Paulo</strong></span> <span class='ocrx_word' id='word_1_123' title='bbox 454 1455 559 1497; x_wconf 85' lang='lat' dir='ltr'><strong>salutatum</strong></span> <span class='ocrx_word' id='word_1_124' title='bbox 575 1468 619 1497; x_wconf 91' lang='lat' dir='ltr'><strong>cum</strong></span> <span class='ocrx_word' id='word_1_125' title='bbox 635 1460 718 1498; x_wconf 90' lang='lat' dir='ltr'><strong>auctore</strong></span> <span class='ocrx_word' id='word_1_126' title='bbox 733 1455 822 1497; x_wconf 89' lang='lat' dir='ltr'><strong>Pastoris</strong></span> 
     </span>
    </p>
   </div>
   <div class='ocr_carea' id='block_1_6' title="bbox 61 1525 823 1933">
    <p class='ocr_par' dir='ltr' id='par_1_8' title="bbox 61 1525 823 1650">
     <span class='ocr_line' id='line_1_18' title="bbox 61 1525 823 1580; baseline 0 -14"><span class='ocrx_word' id='word_1_127' title='bbox 61 1538 121 1566; x_wconf 89' lang='lat' dir='ltr'><strong>unam</strong></span> <span class='ocrx_word' id='word_1_128' title='bbox 137 1525 262 1579; x_wconf 84' lang='lat' dir='ltr'><strong>eandemque</strong></span> <span class='ocrx_word' id='word_1_129' title='bbox 278 1537 324 1567; x_wconf 87' lang='lat' dir='ltr'><strong>esse</strong></span> <span class='ocrx_word' id='word_1_130' title='bbox 338 1537 445 1580; x_wconf 91' lang='lat' dir='ltr'><strong>personam</strong></span> <span class='ocrx_word' id='word_1_131' title='bbox 462 1527 567 1579; x_wconf 79' lang='lat' dir='ltr'><strong>conjicere</strong></span> <span class='ocrx_word' id='word_1_132' title='bbox 582 1538 643 1569; x_wconf 89' lang='lat' dir='ltr'><strong>ansus</strong></span> <span class='ocrx_word' id='word_1_133' title='bbox 660 1532 701 1580; x_wconf 91' lang='lat' dir='ltr'><strong>est,</strong></span> <span class='ocrx_word' id='word_1_134' title='bbox 720 1527 785 1580; x_wconf 89' lang='lat' dir='ltr'><strong>nullis,</strong></span> <span class='ocrx_word' id='word_1_135' title='bbox 802 1530 823 1566; x_wconf 86' lang='lat' dir='ltr'><strong>ut</strong></span> 
     </span>
     <span class='ocr_line' id='line_1_19' title="bbox 62 1595 370 1650; baseline 0 -14"><span class='ocrx_word' id='word_1_136' title='bbox 62 1595 147 1648; x_wconf 86' lang='lat' dir='ltr'><strong>videtur,</strong></span> <span class='ocrx_word' id='word_1_137' title='bbox 166 1596 288 1650; x_wconf 81' lang='lat' dir='ltr'><strong>argumentis</strong></span> <span class='ocrx_word' id='word_1_138' title='bbox 303 1596 370 1637; x_wconf 87' lang='lat' dir='ltr'><strong>nixus.</strong></span> 
     </span>
    </p>

    <p class='ocr_par' dir='ltr' id='par_1_9' title="bbox 61 1665 822 1933">
     <span class='ocr_line' id='line_1_20' title="bbox 120 1665 821 1721; baseline 0 -14"><span class='ocrx_word' id='word_1_139' title='bbox 120 1667 168 1707; x_wconf 87' lang='lat' dir='ltr'><strong>Post</strong></span> <span class='ocrx_word' id='word_1_140' title='bbox 184 1665 293 1721; x_wconf 80' lang='lat' dir='ltr'><strong>Origenem</strong></span> <span class='ocrx_word' id='word_1_141' title='bbox 308 1666 408 1708; x_wconf 88' lang='lat' dir='ltr'><strong>Eusebius</strong></span> <span class='ocrx_word' id='word_1_142' title='bbox 423 1666 493 1719; x_wconf 83' lang='lat' dir='ltr'><strong>refert,</strong></span> <span class='ocrx_word' id='word_1_143' title='bbox 508 1665 600 1707; x_wconf 93' lang='lat' dir='ltr'><strong>Hermam</strong></span> <span class='ocrx_word' id='word_1_144' title='bbox 616 1667 672 1708; x_wconf 88' lang='lat' dir='ltr'><strong>illum</strong></span> <span class='ocrx_word' id='word_1_145' title='bbox 691 1666 821 1720; x_wconf 81' lang='lat' dir='ltr'><strong>apostolicum</strong></span> 
     </span>
     <span class='ocr_line' id='line_1_21' title="bbox 63 1733 822 1790; baseline 0 -12"><span class='ocrx_word' id='word_1_146' title='bbox 63 1749 74 1778; x_wconf 89' lang='lat' dir='ltr'><strong>a</strong></span> <span class='ocrx_word' id='word_1_147' title='bbox 89 1736 190 1778; x_wconf 85' lang='lat' dir='ltr'><strong>nonnuliis</strong></span> <span class='ocrx_word' id='word_1_148' title='bbox 206 1741 308 1777; x_wconf 85' lang='lat' dir='ltr'><strong>auctorem</strong></span> <span class='ocrx_word' id='word_1_149' title='bbox 319 1736 407 1778; x_wconf 90' lang='lat' dir='ltr'><strong>Pastoris</strong></span> <span class='ocrx_word' id='word_1_150' title='bbox 418 1737 482 1778; x_wconf 89' lang='lat' dir='ltr'><strong>nostri</strong></span> <span class='ocrx_word' id='word_1_151' title='bbox 491 1737 564 1789; x_wconf 77' lang='lat' dir='ltr'><strong>paciaci</strong></span> <span class='ocrx_word' id='word_1_152' title='bbox 574 1733 600 1790; x_wconf 73' lang='lat'><strong>⁷).</strong></span> <span class='ocrx_word' id='word_1_153' title='bbox 626 1737 695 1780; x_wconf 86' lang='lat' dir='ltr'><strong>Statim</strong></span> <span class='ocrx_word' id='word_1_154' title='bbox 706 1750 755 1779; x_wconf 87' lang='lat' dir='ltr'><strong>vero</strong></span> <span class='ocrx_word' id='word_1_155' title='bbox 768 1737 822 1778; x_wconf 86' lang='lat' dir='ltr'><strong>addit</strong></span> 
     </span>
     <span class='ocr_line' id='line_1_22' title="bbox 61 1799 822 1860; baseline -0.001 -12"><span class='ocrx_word' id='word_1_156' title='bbox 61 1807 172 1860; x_wconf 86' lang='lat' dir='ltr'><strong>Eusebius,</strong></span> <span class='ocrx_word' id='word_1_157' title='bbox 192 1799 263 1848; x_wconf 88' lang='lat' dir='ltr'><strong>librum</strong></span> <span class='ocrx_word' id='word_1_158' title='bbox 282 1807 335 1848; x_wconf 90' lang='lat' dir='ltr'><strong>buno</strong></span> <span class='ocrx_word' id='word_1_159' title='bbox 356 1809 379 1849; x_wconf 90' lang='lat' dir='ltr'><strong>ab</strong></span> <span class='ocrx_word' id='word_1_160' title='bbox 401 1807 443 1849; x_wconf 88' lang='lat' dir='ltr'><strong>aliis</strong></span> <span class='ocrx_word' id='word_1_161' title='bbox 462 1809 483 1849; x_wconf 95' lang='lat' dir='ltr'><strong>in</strong></span> <span class='ocrx_word' id='word_1_162' title='bbox 505 1806 585 1848; x_wconf 91' lang='lat' dir='ltr'><strong>dubium</strong></span> <span class='ocrx_word' id='word_1_163' title='bbox 606 1818 652 1847; x_wconf 91' lang='lat' dir='ltr'><strong>esse</strong></span> <span class='ocrx_word' id='word_1_164' title='bbox 675 1811 780 1859; x_wconf 85' lang='lat' dir='ltr'><strong>vocatum,</strong></span> <span class='ocrx_word' id='word_1_165' title='bbox 802 1811 822 1847; x_wconf 87' lang='lat' dir='ltr'><strong>et</strong></span> 
     </span>
     <span class='ocr_line' id='line_1_23' title="bbox 61 1873 678 1933; baseline 0 -15"><span class='ocrx_word' id='word_1_166' title='bbox 61 1878 114 1919; x_wconf 88' lang='lat' dir='ltr'><strong>inter</strong></span> <span class='ocrx_word' id='word_1_167' title='bbox 128 1881 224 1931; x_wconf 83' lang='lat' dir='ltr'><strong>receptae</strong></span> <span class='ocrx_word' id='word_1_168' title='bbox 240 1877 362 1918; x_wconf 89' lang='lat' dir='ltr'><strong>auctoritatis</strong></span> <span class='ocrx_word' id='word_1_169' title='bbox 376 1878 439 1920; x_wconf 89' lang='lat' dir='ltr'><strong>libros</strong></span> <span class='ocrx_word' id='word_1_170' title='bbox 454 1878 503 1933; x_wconf 90' lang='lat' dir='ltr'><strong>poni</strong></span> <span class='ocrx_word' id='word_1_171' title='bbox 518 1889 559 1918; x_wconf 94' lang='lat' dir='ltr'><strong>non</strong></span> <span class='ocrx_word' id='word_1_172' title='bbox 576 1888 638 1930; x_wconf 90' lang='lat' dir='ltr'><strong>posse</strong></span> <span class='ocrx_word' id='word_1_173' title='bbox 649 1873 678 1932; x_wconf 66' lang='grc' dir='ltr'>Β),</span> 
     </span>
    </p>
   </div>
   <div class='ocr_carea' id='block_1_7' title="bbox 57 2026 822 2773">
    <p class='ocr_par' dir='ltr' id='par_1_10' title="bbox 57 2026 822 2773">
     <span class='ocr_line' id='line_1_24' title="bbox 85 2026 822 2073; baseline 0 -13"><span class='ocrx_word' id='word_1_174' title='bbox 85 2027 104 2072; x_wconf 92' lang='grc'><strong>1)</strong></span> <span class='ocrx_word' id='word_1_175' title='bbox 117 2026 430 2073; x_wconf 75' lang='lat' dir='ltr'><strong>cn.Tabiag.0uaraatschrtfc1846.</strong></span> <span class='ocrx_word' id='word_1_176' title='bbox 450 2039 492 2064; x_wconf 85' lang='lat' dir='ltr'><strong>uero</strong></span> <span class='ocrx_word' id='word_1_177' title='bbox 505 2029 545 2063; x_wconf 90' lang='lat' dir='ltr'><strong>Ioco</strong></span> <span class='ocrx_word' id='word_1_178' title='bbox 561 2027 632 2073; x_wconf 69' lang='lat' dir='ltr'><strong>(Hamil⁴</strong></span> <span class='ocrx_word' id='word_1_179' title='bbox 645 2028 668 2062; x_wconf 83' lang='lat'><strong>25</strong></span> <span class='ocrx_word' id='word_1_180' title='bbox 680 2029 697 2061; x_wconf 92' lang='lat' dir='ltr'><strong>in</strong></span> <span class='ocrx_word' id='word_1_181' title='bbox 711 2026 750 2062; x_wconf 87' lang='lat' dir='ltr'><strong>Luc.</strong></span> <span class='ocrx_word' id='word_1_182' title='bbox 764 2038 779 2061; x_wconf 74' lang='lat' dir='ltr'><strong>c.</strong></span> <span class='ocrx_word' id='word_1_183' title='bbox 794 2027 822 2071; x_wconf 79' lang='lat'><strong>12,</strong></span> 
     </span>
     <span class='ocr_line' id='line_1_25' title="bbox 60 2078 822 2133; baseline -0.001 -14"><span class='ocrx_word' id='word_1_184' title='bbox 60 2097 76 2130; x_wconf 92' lang='lat' dir='ltr'><strong>p.</strong></span> <span class='ocrx_word' id='word_1_185' title='bbox 90 2085 124 2119; x_wconf 88' lang='grc'><strong>469</strong></span> <span class='ocrx_word' id='word_1_186' title='bbox 137 2096 162 2130; x_wconf 90' lang='lat' dir='ltr'><strong>sq.</strong></span> <span class='ocrx_word' id='word_1_187' title='bbox 451 2088 481 2131; x_wconf 80' lang='lat'><strong>58)</strong></span> <span class='ocrx_word' id='word_1_188' title='bbox 499 2087 582 2133; x_wconf 83' lang='lat' dir='ltr'><strong>Origenes</strong></span> <span class='ocrx_word' id='word_1_189' title='bbox 598 2088 636 2131; x_wconf 86' lang='lat' dir='ltr'><strong>ipse</strong></span> <span class='ocrx_word' id='word_1_190' title='bbox 653 2086 675 2119; x_wconf 89' lang='lat' dir='ltr'><strong>de</strong></span> <span class='ocrx_word' id='word_1_191' title='bbox 691 2086 735 2119; x_wconf 86' lang='lat' dir='ltr'><strong>Iibro</strong></span> <span class='ocrx_word' id='word_1_192' title='bbox 749 2078 822 2119; x_wconf 76' lang='lat' dir='ltr'><strong>Pastoris</strong></span> 
     </span>
     <span class='ocr_line' id='line_1_26' title="bbox 83 2142 820 2191; baseline 0.001 -15"><span class='ocrx_word' id='word_1_193' title='bbox 83 2144 103 2186; x_wconf 82' lang='lat'><strong>2)</strong></span> <span class='ocrx_word' id='word_1_194' title='bbox 117 2142 160 2178; x_wconf 87' lang='lat' dir='ltr'><strong>Hist.</strong></span> <span class='ocrx_word' id='word_1_195' title='bbox 169 2144 222 2177; x_wconf 79' lang='lat' dir='ltr'><strong>theol.</strong></span> <span class='ocrx_word' id='word_1_196' title='bbox 233 2145 269 2178; x_wconf 85' lang='lat' dir='ltr'><strong>crit.</strong></span> <span class='ocrx_word' id='word_1_197' title='bbox 280 2144 297 2177; x_wconf 85' lang='lat' dir='ltr'><strong>T.</strong></span> <span class='ocrx_word' id='word_1_198' title='bbox 307 2144 320 2178; x_wconf 92' lang='lat' dir='ltr'><strong>I.</strong></span> <span class='ocrx_word' id='word_1_199' title='bbox 329 2156 346 2189; x_wconf 88' lang='lat' dir='ltr'><strong>p.</strong></span> <span class='ocrx_word' id='word_1_200' title='bbox 354 2143 387 2178; x_wconf 83' lang='grc'>193</span> <span class='ocrx_word' id='word_1_201' title='bbox 394 2157 431 2191; x_wconf 92' lang='lat' dir='ltr'><strong>sqq.</strong></span> <span class='ocrx_word' id='word_1_202' title='bbox 450 2148 472 2181; x_wconf 85' lang='lat' dir='ltr'><strong>ita</strong></span> <span class='ocrx_word' id='word_1_203' title='bbox 487 2146 565 2180; x_wconf 84' lang='lat' dir='ltr'><strong>disserit:</strong></span> <span class='ocrx_word' id='word_1_204' title='bbox 583 2146 617 2189; x_wconf 81' lang='lat' dir='ltr'><strong>„si</strong></span> <span class='ocrx_word' id='word_1_205' title='bbox 635 2151 692 2179; x_wconf 77' lang='lat' dir='ltr'><strong>tuanen</strong></span> <span class='ocrx_word' id='word_1_206' title='bbox 709 2146 739 2179; x_wconf 83' lang='lat' dir='ltr'><strong>cui</strong></span> <span class='ocrx_word' id='word_1_207' title='bbox 756 2145 820 2188; x_wconf 75' lang='lat' dir='ltr'><strong>placer,</strong></span> 
     </span>
     <span class='ocr_line' id='line_1_27' title="bbox 85 2200 822 2249; baseline 0.003 -15"><span class='ocrx_word' id='word_1_208' title='bbox 85 2202 104 2246; x_wconf 87' lang='grc'>3)</span> <span class='ocrx_word' id='word_1_209' title='bbox 119 2201 205 2246; x_wconf 82' lang='lat' dir='ltr'><strong>Patrolog.</strong></span> <span class='ocrx_word' id='word_1_210' title='bbox 220 2201 238 2236; x_wconf 91' lang='lat' dir='ltr'><strong>T.</strong></span> <span class='ocrx_word' id='word_1_211' title='bbox 250 2201 263 2235; x_wconf 93' lang='grc' dir='ltr'><strong>Ι.</strong></span> <span class='ocrx_word' id='word_1_212' title='bbox 276 2213 292 2246; x_wconf 92' lang='lat' dir='ltr'><strong>p.</strong></span> <span class='ocrx_word' id='word_1_213' title='bbox 307 2202 340 2236; x_wconf 77' lang='lat' dir='ltr'><strong>tao</strong></span> <span class='ocrx_word' id='word_1_214' title='bbox 352 2214 389 2248; x_wconf 89' lang='lat' dir='ltr'><strong>sqq.</strong></span> <span class='ocrx_word' id='word_1_215' title='bbox 450 2206 555 2249; x_wconf 78' lang='lat' dir='ltr'><strong>bujrrsmodi</strong></span> <span class='ocrx_word' id='word_1_216' title='bbox 567 2205 677 2248; x_wconf 78' lang='lat' dir='ltr'><strong>scripturum</strong></span> <span class='ocrx_word' id='word_1_217' title='bbox 689 2200 822 2247; x_wconf 78' lang='lat' dir='ltr'><strong>recipere...“</strong></span> 
     </span>
     <span class='ocr_line' id='line_1_28' title="bbox 83 2257 822 2308; baseline -0.004 -15"><span class='ocrx_word' id='word_1_218' title='bbox 83 2260 103 2304; x_wconf 87' lang='grc'>4)</span> <span class='ocrx_word' id='word_1_219' title='bbox 116 2259 213 2304; x_wconf 84' lang='lat' dir='ltr'><strong>Patrologia</strong></span> <span class='ocrx_word' id='word_1_220' title='bbox 223 2260 303 2305; x_wconf 82' lang='lat' dir='ltr'><strong>specialis</strong></span> <span class='ocrx_word' id='word_1_221' title='bbox 312 2260 330 2294; x_wconf 89' lang='lat' dir='ltr'><strong>T.</strong></span> <span class='ocrx_word' id='word_1_222' title='bbox 336 2260 349 2294; x_wconf 93' lang='lat' dir='ltr'><strong>I.</strong></span> <span class='ocrx_word' id='word_1_223' title='bbox 356 2261 431 2308; x_wconf 70' lang='lat' dir='ltr'><strong>piisqq.</strong></span> <span class='ocrx_word' id='word_1_224' title='bbox 473 2264 492 2306; x_wconf 79' lang='lat'><strong>7)</strong></span> <span class='ocrx_word' id='word_1_225' title='bbox 505 2262 526 2296; x_wconf 90' lang='lat' dir='ltr'><strong>H.</strong></span> <span class='ocrx_word' id='word_1_226' title='bbox 533 2261 554 2296; x_wconf 88' lang='lat' dir='ltr'><strong>E.</strong></span> <span class='ocrx_word' id='word_1_227' title='bbox 562 2260 591 2305; x_wconf 92' lang='lat' dir='ltr'><strong>III,</strong></span> <span class='ocrx_word' id='word_1_228' title='bbox 599 2259 619 2294; x_wconf 85' lang='lat'><strong>3:</strong></span> <span class='ocrx_word' id='word_1_229' title='bbox 631 2257 678 2293; x_wconf 78' lang='grc' dir='ltr'><strong>Ἐπεὶ</strong></span> <span class='ocrx_word' id='word_1_230' title='bbox 687 2258 697 2292; x_wconf 81' lang='grc' dir='ltr'><em>ὁ</em></span> <span class='ocrx_word' id='word_1_231' title='bbox 709 2257 757 2297; x_wconf 74' lang='grc' dir='ltr'><em>αὐτὸς</em></span> <span class='ocrx_word' id='word_1_232' title='bbox 767 2257 822 2292; x_wconf 80' lang='grc' dir='ltr'><em>Ἀπό-</em></span> 
     </span>
     <span class='ocr_line' id='line_1_29' title="bbox 84 2317 822 2364; baseline -0.003 -13"><span class='ocrx_word' id='word_1_233' title='bbox 84 2319 103 2363; x_wconf 85' lang='grc'>5)</span> <span class='ocrx_word' id='word_1_234' title='bbox 117 2320 165 2361; x_wconf 80' lang='lat' dir='ltr'><strong>Otto,</strong></span> <span class='ocrx_word' id='word_1_235' title='bbox 183 2319 232 2362; x_wconf 51' lang='lat' dir='ltr'><strong>episi*¹</strong></span> <span class='ocrx_word' id='word_1_236' title='bbox 246 2317 266 2351; x_wconf 80' lang='lat' dir='ltr'><strong>ad</strong></span> <span class='ocrx_word' id='word_1_237' title='bbox 280 2317 342 2364; x_wconf 74' lang='lat' dir='ltr'><strong>Diogn.</strong></span> <span class='ocrx_word' id='word_1_238' title='bbox 356 2321 398 2354; x_wconf 79' lang='lat' dir='ltr'><strong>edii.</strong></span> <span class='ocrx_word' id='word_1_239' title='bbox 410 2320 431 2355; x_wconf 92' lang='grc' dir='ltr'><strong>ΙΙ.</strong></span> <span class='ocrx_word' id='word_1_240' title='bbox 450 2322 504 2359; x_wconf 69' lang='lat' dir='ltr'><strong>credor</strong></span> <span class='ocrx_word' id='word_1_241' title='bbox 525 2319 542 2352; x_wconf 69' lang='lat' dir='ltr'><strong>ia</strong></span> <span class='ocrx_word' id='word_1_242' title='bbox 561 2323 596 2357; x_wconf 79' lang='grc' dir='ltr'><em>ταῖς</em></span> <span class='ocrx_word' id='word_1_243' title='bbox 617 2319 645 2352; x_wconf 62' lang='lat' dir='ltr'><strong>{rii</strong></span> <span class='ocrx_word' id='word_1_244' title='bbox 667 2319 708 2351; x_wconf 75' lang='grc' dir='ltr'><em>τέλει</em></span> <span class='ocrx_word' id='word_1_245' title='bbox 732 2317 822 2363; x_wconf 55' lang='grc' dir='ltr'><strong>προρρήσεσι</strong></span> 
     </span>
     <span class='ocr_line' id='line_1_30' title="bbox 59 2376 821 2423; baseline -0.003 -12"><span class='ocrx_word' id='word_1_246' title='bbox 59 2377 111 2411; x_wconf 81' lang='grc'>1852.</span> <span class='ocrx_word' id='word_1_247' title='bbox 123 2388 140 2421; x_wconf 84' lang='lat' dir='ltr'><strong>p.</strong></span> <span class='ocrx_word' id='word_1_248' title='bbox 155 2376 175 2409; x_wconf 86' lang='lat'><strong>15</strong></span> <span class='ocrx_word' id='word_1_249' title='bbox 189 2387 226 2421; x_wconf 86' lang='lat' dir='ltr'><strong>sqq.</strong></span> <span class='ocrx_word' id='word_1_250' title='bbox 449 2382 476 2422; x_wconf 71' lang='grc' dir='ltr'><strong>τῆς</strong></span> <span class='ocrx_word' id='word_1_251' title='bbox 495 2376 534 2423; x_wconf 74' lang='grc' dir='ltr'><strong>πρός</strong></span> <span class='ocrx_word' id='word_1_252' title='bbox 554 2376 641 2421; x_wconf 74' lang='grc' dir='ltr'><em>Ῥωμαίους</em></span> <span class='ocrx_word' id='word_1_253' title='bbox 664 2376 729 2421; x_wconf 60' lang='grc' dir='ltr'><strong>μνήμην</strong></span> <span class='ocrx_word' id='word_1_254' title='bbox 749 2378 821 2418; x_wconf 70' lang='grc' dir='ltr'><em>πεποίη-</em></span> 
     </span>
     <span class='ocr_line' id='line_1_31' title="bbox 82 2426 821 2481; baseline -0.003 -14"><span class='ocrx_word' id='word_1_255' title='bbox 82 2435 102 2477; x_wconf 90' lang='grc'>6)</span> <span class='ocrx_word' id='word_1_256' title='bbox 120 2434 156 2468; x_wconf 82' lang='lat' dir='ltr'><strong>Lib.</strong></span> <span class='ocrx_word' id='word_1_257' title='bbox 173 2433 194 2467; x_wconf 82' lang='lat' dir='ltr'><strong>X.</strong></span> <span class='ocrx_word' id='word_1_258' title='bbox 212 2433 302 2479; x_wconf 80' lang='lat' dir='ltr'><strong>Explanai.</strong></span> <span class='ocrx_word' id='word_1_259' title='bbox 323 2435 340 2469; x_wconf 81' lang='lat' dir='ltr'><strong>In</strong></span> <span class='ocrx_word' id='word_1_260' title='bbox 359 2436 391 2481; x_wconf 88' lang='lat' dir='ltr'><strong>Ep.</strong></span> <span class='ocrx_word' id='word_1_261' title='bbox 410 2437 431 2471; x_wconf 86' lang='lat' dir='ltr'><strong>ad</strong></span> <span class='ocrx_word' id='word_1_262' title='bbox 449 2449 476 2469; x_wconf 82' lang='lat' dir='ltr'><strong>rou</strong></span> <span class='ocrx_word' id='word_1_263' title='bbox 496 2434 538 2479; x_wconf 74' lang='grc' dir='ltr'><strong>μετά</strong></span> <span class='ocrx_word' id='word_1_264' title='bbox 557 2438 590 2468; x_wconf 77' lang='grc' dir='ltr'><strong>τῶν</strong></span> <span class='ocrx_word' id='word_1_265' title='bbox 607 2433 659 2468; x_wconf 66' lang='lat' dir='ltr'><strong>ditata</strong></span> <span class='ocrx_word' id='word_1_266' title='bbox 677 2437 705 2468; x_wconf 76' lang='grc' dir='ltr'><strong>καὶ</strong></span> <span class='ocrx_word' id='word_1_267' title='bbox 723 2433 781 2480; x_wconf 70' lang='grc' dir='ltr'>Ἑρμᾶ,</span> <span class='ocrx_word' id='word_1_268' title='bbox 802 2426 821 2466; x_wconf 61' lang='grc' dir='ltr'><strong>οὗ</strong></span> 
     </span>
     <span class='ocr_line' id='line_1_32' title="bbox 58 2490 821 2541; baseline -0.004 -15"><span class='ocrx_word' id='word_1_269' title='bbox 58 2493 108 2527; x_wconf 85' lang='lat' dir='ltr'><strong>Rom.</strong></span> <span class='ocrx_word' id='word_1_270' title='bbox 125 2491 158 2535; x_wconf 82' lang='grc'><strong>16,</strong></span> <span class='ocrx_word' id='word_1_271' title='bbox 179 2491 209 2524; x_wconf 76' lang='grc'>141</span> <span class='ocrx_word' id='word_1_272' title='bbox 230 2494 276 2528; x_wconf 74' lang='lat' dir='ltr'><strong>Puto</strong></span> <span class='ocrx_word' id='word_1_273' title='bbox 297 2500 364 2538; x_wconf 74' lang='lat' dir='ltr'><strong>lamen,</strong></span> <span class='ocrx_word' id='word_1_274' title='bbox 386 2498 432 2541; x_wconf 81' lang='lat' dir='ltr'><strong>quod</strong></span> <span class='ocrx_word' id='word_1_275' title='bbox 449 2497 513 2538; x_wconf 75' lang='grc' dir='ltr'><em>φασὶν</em></span> <span class='ocrx_word' id='word_1_276' title='bbox 540 2490 621 2538; x_wconf 62' lang='grc' dir='ltr'><strong>ν’πᾶρχειν</strong></span> <span class='ocrx_word' id='word_1_277' title='bbox 647 2493 667 2527; x_wconf 86' lang='grc' dir='ltr'><em>τό</em></span> <span class='ocrx_word' id='word_1_278' title='bbox 692 2496 722 2526; x_wconf 78' lang='grc' dir='ltr'><strong>τοῦ</strong></span> <span class='ocrx_word' id='word_1_279' title='bbox 745 2494 821 2535; x_wconf 66' lang='grc' dir='ltr'><strong>ποιμένος</strong></span> 
     </span>
     <span class='ocr_line' id='line_1_33' title="bbox 58 2551 518 2597; baseline -0.004 -11"><span class='ocrx_word' id='word_1_280' title='bbox 58 2554 135 2586; x_wconf 81' lang='lat' dir='ltr'><strong>Hermos</strong></span> <span class='ocrx_word' id='word_1_281' title='bbox 151 2551 186 2584; x_wconf 79' lang='lat' dir='ltr'><strong>iste</strong></span> <span class='ocrx_word' id='word_1_282' title='bbox 202 2552 227 2585; x_wconf 83' lang='lat' dir='ltr'><strong>sit</strong></span> <span class='ocrx_word' id='word_1_283' title='bbox 244 2553 325 2597; x_wconf 78' lang='lat' dir='ltr'><strong>scriptor</strong></span> <span class='ocrx_word' id='word_1_284' title='bbox 337 2555 392 2588; x_wconf 77' lang='lat' dir='ltr'><strong>titettt</strong></span> <span class='ocrx_word' id='word_1_285' title='bbox 403 2555 430 2588; x_wconf 70' lang='lat' dir='ltr'><strong>at-</strong></span> <span class='ocrx_word' id='word_1_286' title='bbox 448 2554 518 2595; x_wconf 71' lang='grc' dir='ltr'><strong>βιβλίον.</strong></span> 
     </span>
     <span class='ocr_line' id='line_1_34' title="bbox 58 2607 821 2658; baseline 0.005 -15"><span class='ocrx_word' id='word_1_287' title='bbox 58 2611 105 2651; x_wconf 75' lang='lat' dir='ltr'><strong>tius,</strong></span> <span class='ocrx_word' id='word_1_288' title='bbox 126 2609 157 2652; x_wconf 84' lang='lat' dir='ltr'><strong>qui</strong></span> <span class='ocrx_word' id='word_1_289' title='bbox 175 2610 242 2643; x_wconf 70' lang='lat' dir='ltr'><strong>Pastor·</strong></span> <span class='ocrx_word' id='word_1_290' title='bbox 259 2612 431 2658; x_wconf 80' lang='lat' dir='ltr'><strong>appellatur,.quae</strong></span> <span class='ocrx_word' id='word_1_291' title='bbox 472 2611 491 2654; x_wconf 89' lang='lat'><strong>8)</strong></span> <span class='ocrx_word' id='word_1_292' title='bbox 504 2611 522 2645; x_wconf 88' lang='lat' dir='ltr'><strong>L.</strong></span> <span class='ocrx_word' id='word_1_293' title='bbox 533 2621 557 2644; x_wconf 69' lang='lat' dir='ltr'><strong>er</strong></span> <span class='ocrx_word' id='word_1_294' title='bbox 570 2607 637 2651; x_wconf 72' lang='grc' dir='ltr'><strong>Ἰστεόν,</strong></span> <span class='ocrx_word' id='word_1_295' title='bbox 651 2607 671 2646; x_wconf 69' lang='grc' dir='ltr'><strong>ὦς</strong></span> <span class='ocrx_word' id='word_1_296' title='bbox 682 2609 709 2641; x_wconf 72' lang='grc' dir='ltr'><strong>καὶ</strong></span> <span class='ocrx_word' id='word_1_297' title='bbox 722 2610 772 2642; x_wconf 76' lang='grc' dir='ltr'><em>τοῦτο</em></span> <span class='ocrx_word' id='word_1_298' title='bbox 781 2607 821 2654; x_wconf 65' lang='lat' dir='ltr'><strong>uode</strong></span> 
     </span>
     <span class='ocr_line' id='line_1_35' title="bbox 58 2664 820 2714; baseline -0.001 -12"><span class='ocrx_word' id='word_1_299' title='bbox 58 2668 150 2711; x_wconf 65' lang='lat' dir='ltr'><strong>scriptino</strong></span> <span class='ocrx_word' id='word_1_300' title='bbox 165 2667 217 2702; x_wconf 76' lang='lat' dir='ltr'><strong>valde</strong></span> <span class='ocrx_word' id='word_1_301' title='bbox 232 2668 278 2702; x_wconf 77' lang='lat' dir='ltr'><strong>mihi</strong></span> <span class='ocrx_word' id='word_1_302' title='bbox 289 2670 341 2704; x_wconf 72' lang='lat' dir='ltr'><strong>utiba</strong></span> <span class='ocrx_word' id='word_1_303' title='bbox 354 2672 430 2714; x_wconf 80' lang='lat' dir='ltr'><strong>uidetur,</strong></span> <span class='ocrx_word' id='word_1_304' title='bbox 448 2670 479 2713; x_wconf 69' lang='grc' dir='ltr'><strong>μὲν</strong></span> <span class='ocrx_word' id='word_1_305' title='bbox 500 2671 549 2701; x_wconf 74' lang='grc' dir='ltr'>τινῶν</span> <span class='ocrx_word' id='word_1_306' title='bbox 567 2665 683 2708; x_wconf 52' lang='lat' dir='ltr'><strong>ductitantur,</strong></span> <span class='ocrx_word' id='word_1_307' title='bbox 704 2664 725 2699; x_wconf 71' lang='lat' dir='ltr'><strong>d?</strong></span> <span class='ocrx_word' id='word_1_308' title='bbox 745 2664 772 2705; x_wconf 76' lang='grc' dir='ltr'><strong>οὓς</strong></span> <span class='ocrx_word' id='word_1_309' title='bbox 791 2665 820 2701; x_wconf 72' lang='grc' dir='ltr'><strong>οὖν,</strong></span> 
     </span>
     <span class='ocr_line' id='line_1_36' title="bbox 57 2723 716 2773; baseline 0.005 -12"><span class='ocrx_word' id='word_1_310' title='bbox 57 2732 75 2763; x_wconf 85' lang='lat' dir='ltr'><strong>et</strong></span> <span class='ocrx_word' id='word_1_311' title='bbox 86 2731 105 2761; x_wconf 81' lang='lat' dir='ltr'><strong>ut</strong></span> <span class='ocrx_word' id='word_1_312' title='bbox 120 2730 161 2772; x_wconf 79' lang='lat' dir='ltr'><strong>puto</strong></span> <span class='ocrx_word' id='word_1_313' title='bbox 174 2725 262 2760; x_wconf 80' lang='lat' dir='ltr'><strong>diuinitus</strong></span> <span class='ocrx_word' id='word_1_314' title='bbox 274 2728 368 2773; x_wconf 78' lang='lat' dir='ltr'><strong>inspirata.</strong></span> <span class='ocrx_word' id='word_1_315' title='bbox 390 2727 430 2762; x_wconf 78' lang='lat' dir='ltr'><strong>utro</strong></span> <span class='ocrx_word' id='word_1_316' title='bbox 448 2725 468 2761; x_wconf 71' lang='lat' dir='ltr'><strong>cia</strong></span> <span class='ocrx_word' id='word_1_317' title='bbox 481 2725 498 2760; x_wconf 81' lang='grc' dir='ltr'><strong>ἓν</strong></span> <span class='ocrx_word' id='word_1_318' title='bbox 510 2723 644 2773; x_wconf 63' lang='grc' dir='ltr'><strong>ᾦιολογοιψίνοις</strong></span> <span class='ocrx_word' id='word_1_319' title='bbox 656 2727 716 2770; x_wconf 64' lang='grc' dir='ltr'><strong>τεθείη»</strong></span> 
     </span>
    </p>
   </div>
   <div class='ocr_carea' id='block_1_8' title="bbox 0 0 888 2987">
    <p class='ocr_par' dir='ltr' id='par_1_11' title="bbox 0 0 888 2987">
     <span class='ocr_line' id='line_1_37' title="bbox 0 0 888 2987; baseline 0 2"><span class='ocrx_word' id='word_1_320' title='bbox 0 0 888 2987; x_wconf 95' lang='lat' dir='ltr'><strong> </strong></span> 
     </span>
    </p>
   </div>
  </div>
 </body>
</html>
