1765 2987
173 162 304 199 dlARTYRlUdl
316 163 333 198 S.
347 162 474 201 rotronem.
487 165 529 201 XIX.
542 165 577 202 XX.
590 165 633 200 XXI.
740 168 783 210 293

23 278 42 319 in
57 272 173 316 memoriam
189 285 270 325 eorum,
287 273 320 326 qui
337 273 443 315 certamina
457 273 594 327 pertulerunt,
613 279 654 316 tum
669 279 690 316 ut
705 274 784 328 posteri

23 346 127 389 exercitati
142 345 182 386 sint
198 348 217 384 et
232 344 295 398 parati
312 342 350 399 (ad
367 344 436 385 eadem
452 343 556 386 sustinend
570 342 589 399 ]

205 453 256 513 XlX.
287 472 345 513 Laus
360 471 471 526 Polycarpi
486 474 591 526 rnurdpris.

28 591 31 594 Α
79 554 134 595 Haeo
150 553 175 594 de
190 554 250 595 beato
265 554 384 608 Polycarpo,
400 555 433 608 qui
448 567 492 595 curu
506 555 537 607 iis,
554 555 588 608 qui
602 567 628 596 ex
638 555 781 609 Philadelplria,

24 624 171 666 1duodecimus
194 625 292 679 Smyrnae
315 627 429 679 martyrium
454 629 484 665 est
505 636 591 678 passus,
618 626 654 666 sed
677 626 732 666 solus
756 627 781 666 ab

22 695 113 737 omnibus
129 694 248 746 celebratur,
264 696 296 747 ita,
312 699 334 735 ut
349 708 359 735 a
376 695 485 749 gentilibus
502 707 583 747 quoque
598 695 673 747 ubique
691 696 782 736 locurum

22 765 174 815 ²memoretur5
191 766 225 817 qui
242 776 282 805 non
298 765 363 805 solum
380 765 450 805 doctor
466 765 551 819 insignis
569 765 650 815 exstitit,
671 765 707 804 sed
724 766 782 805 etiam

21 840 97 889 martyr
113 835 210 888 eximius,
231 835 288 888 eujus
305 836 429 888 martyrium,
452 835 558 889 euangelio
575 833 648 874 Christi
663 846 782 889 congruum,

22 916 91 948 omnes
107 905 178 946 imitari
195 904 315 946 desiderant.
347 905 455 958 Postquam
477 906 528 947 enim
546 904 664 946 sustinendo
686 905 782 959 injustum

20 976 133 1031 praesidem
157 976 216 1028 uiuit,
239 976 309 1029 sieque
330 976 482 1017 immortalitatis
505 987 600 1016 coronam
623 977 713 1029 recepit,
737 988 782 1016 curn

21 1046 116 1101 apostolis
133 1031 265 1100 omnibusque
278 1047 337 1101 Justis
354 1046 462 1097 exsultans,
479 1046 542 1086 Deum
554 1059 577 1087 ae
588 1050 664 1099 patrem
675 1046 780 1100 glorificat,

21 1123 41 1159 et
56 1116 157 1158 benedicit
172 1117 257 1158 Domino
269 1108 344 1157 ‘nosue
361 1114 427 1157 ³desu
439 1116 524 1167 Christo,
541 1117 649 1157 animarum
665 1121 779 1156 nostrarum

21 1187 127 1239 salvatori,
143 1192 163 1228 et
179 1199 286 1241 corporum
302 1190 416 1227 nostrorum
432 1187 574 1241 gubernatori,
592 1199 630 1227 nee
645 1198 686 1246 non
702 1177 780 1240 pesto'ri

22 1257 131 1300 catholicae
147 1258 168 1298 in
183 1262 225 1298 toto
242 1258 292 1298 orbe
308 1257 407 1298 ecelesiae
419 1255 433 1298 ⁴.

165 1385 209 1427 XX.
239 1385 314 1427 altrum
328 1386 383 1426 tuae
399 1385 509 1438 epistolum
522 1385 634 1437 frutribus.

79 1469 120 1510 Vos
137 1468 217 1522 quidem
232 1467 344 1521 petieratis,
360 1472 382 1508 ut
398 1472 480 1519 cuneta,
497 1480 548 1521 quae
564 1472 621 1522 gesta
637 1473 694 1520 sunt,
716 1468 779 1509 fusius

20 1539 77 1581 vobis
94 1542 255 1593 exponerentur5
276 1549 313 1580 nos
329 1550 379 1579 vero
395 1539 579 1592 impraesentiarum
599 1540 709 1580 summatim
725 1538 779 1580 indi-

21 1610 108 1656 cavimus
120 1621 156 1662 per
167 1608 249 1649 fratrem
260 1613 349 1650 nostrum
360 1608 454 1650 lilarounn
472 1610 527 1657 Quae
539 1608 619 1661 quidem
629 1622 673 1650 oum
681 1609 779 1664 legeritis,

20 1678 123 1733 epistolam
139 1678 233 1720 fratribus
248 1678 390 1720 remotioribus
407 1677 568 1731 ⁵transmittatis,
584 1683 605 1720 ut
622 1683 641 1719 et
658 1679 696 1732 ipsi
712 1679 779 1732 glori-

19 1749 79 1791 ficent
94 1750 206 1800 Dominum,
223 1746 273 1802 5qui
289 1762 315 1790 ex
330 1749 372 1790 suis
389 1749 466 1789 famulis
483 1749 581 1790 delectum
597 1748 651 1789 facit,
683 1745 728 1800 ⁷Ei,
745 1749 779 1801 qui

20 1832 90 1861 omnes
116 1832 153 1861 nos
179 1821 243 1875 gratia
269 1832 304 1860 sua
330 1823 389 1873 atque
415 1819 537 1873 induigentia
563 1820 582 1859 in
609 1832 695 1873 regnum
720 1830 778 1860 suum

19 1895 123 1932 aeternum
144 1894 211 1945 potest
231 1889 328 1932 inducere
348 1903 385 1945 per
404 1891 528 1946 unigenitum
550 1891 610 1932 filium
631 1903 688 1931 suum
708 1889 778 1931 Jesun

20 1961 130 2014 Christum,
146 1962 185 2015 ipsi
200 1963 225 2002 sit
240 1961 312 2016 gloria,
328 1961 400 2014 bonor,
416 1962 530 2015 imperium,
545 1962 650 2015 majestas,
666 1961 687 2001 in
703 1960 777 2002 secula.
796 1972 804 1982 r

18 2030 94 2072 Amen!
125 2030 214 2074 Salutate
240 2043 310 2072 omnes
335 2038 422 2073 sanctos.
453 2032 507 2083 Vos,
535 2032 569 2084 qui
594 2022 702 2072 nobiseum
725 2035 777 2083 sunt,

18 2103 109 2156 salutant,
126 2107 146 2144 et
162 2102 195 2155 qui
211 2102 291 2156 scripsit
305 2102 362 2156 haee,
380 2103 488 2146 Euarestus
504 2115 549 2144 cum
565 2102 618 2144 ornni
635 2101 694 2143 domo
710 2113 753 2143 sua.

255 2230 307 2272 XXI.
338 2231 438 2286 illurtprii
454 2237 537 2285 ternpus.

76 2314 192 2368 Martyrium
213 2318 278 2355 autern
296 2327 369 2369 passus
391 2320 422 2357 est
440 2317 510 2357 beatus
526 2314 648 2369 Polyearpus
664 2309 777 2354 8Xanttrici

16 2451 96 2498 rruudyrou
106 2454 134 2485 καὶ
146 2451 307 2496 {uerendumque
320 2457 387 2489 Jucon-
430 2455 449 2500 6]
466 2454 478 2489 Ι.
493 2465 508 2488 ε.
526 2456 558 2501 qui
573 2455 670 2489 mortuellus
683 2464 691 2487 e
702 2462 776 2486 araturae

17 2523 54 2546 son.
73 2511 196 2547 inueterilnt.
209 2512 281 2557 iegitur:
294 2519 311 2548 et
322 2516 386 2559 Spiri-
405 2516 482 2560 fidelium
495 2516 518 2548 art
530 2514 637 2557 umrtprium
648 2511 724 2546 vaeavit.

16 2576 53 2606 tum
77 2578 168 2615 serratum,
193 2583 225 2617 per
249 2583 299 2617 quem
324 2578 387 2608 caetrata
429 2573 448 2617 7)
464 2572 524 2615 Τῷ-
538 2563 555 2614 pl.
577 2569 630 2603 Simili
648 2569 776 2602 constructione

17 2632 147 2676 eopuuseirnus.
405 2632 455 2664 utitur
472 2629 492 2663 D.
510 2628 571 2663 Paulus
589 2628 638 2661 Rom.
654 2627 686 2671 16,
699 2627 775 2661 25-27.

38 2689 57 2731 5)
79 2688 158 2724 Usserius
179 2695 197 2723 et
217 2688 296 2724 Smithius
317 2688 386 2724 mallent
404 2692 499 2723 Jnoousou.

16 2744 125 2794 dran÷]rrpara.
143 2751 240 2783 Jacousou.
427 2747 446 2793 8)
459 2747 547 2791 Smyrnaei
560 2758 570 2781 a
583 2747 605 2781 25
619 2747 648 2781 die
660 2745 715 2781 Martii
727 2745 775 2782 Xan-
