1789 2987
371 155 539 201 PROLEGOllENA.
696 163 836 209 [ttntttuttttttt

212 300 245 352 l'l.
281 299 318 351 ΒΕ
339 295 482 349 hlhltTlRlll
502 296 524 349 S.
543 295 700 350 Phttdltttt.

137 417 149 457 l.
181 417 249 468 „Inter
261 416 397 470 praeclariora
412 414 562 456 ecclesiasticae
576 414 695 467 antiquitatis
708 418 835 454 monumenta

76 489 146 528 merito
169 492 288 531 recensetur
309 487 398 542 Epistola
419 486 522 526 Ecclesiae
543 485 669 539 smyrnensis
692 474 716 525 de
737 484 834 538 martyrio

76 558 95 599 S.
112 558 227 612 Polycarpi,
244 559 306 610 adeo,
322 563 344 599 ut
359 558 410 598 illam
425 570 491 611 paene
506 559 604 611 integram
621 556 719 597 Eusebius
737 555 834 596 historiae

76 640 125 669 suae
137 631 258 670 tteccsscrio
270 628 404 669 inserendam.
416 628 558 668 existimaverit
570 626 580 666 ¹.
612 627 663 675 Quin
679 628 737 667 immo
752 626 834 666 illustris

76 700 120 753 ejus
136 700 236 753 interpres
254 698 344 740 Valesius
362 711 386 740 eo
402 698 514 752 processit,
531 703 552 739 ut
568 697 669 738 affirmarit
681 696 712 752 τι’),
728 698 835 752 Polycarpi

77 771 161 823 ejusque
178 771 280 810 sociorum
297 771 410 823 martyrium
428 769 496 808 litteris
513 768 603 808 traditum
623 780 669 808 esse
688 769 774 809 omnium
790 769 835 821 pri-

77 853 136 891 mum,
154 841 245 892 Actaque
260 840 367 893 llartyrurn
384 840 437 879 trulla
454 843 535 879 exstare
551 839 673 891 antiquiora;
689 851 727 879 nec
743 839 835 879 duhitarit

76 910 168 963 proinde⁷
185 912 231 963 quin
248 910 279 950 illa
292 910 441 964 Smyrnansium
457 909 539 962 epistula
556 909 619 961 primo
634 909 679 948 loeo
696 910 759 961 posita
776 909 835 949 luerit

43 991 45 996 ·
76 981 100 1019 alr
116 979 211 1030 Eusebio,
228 981 247 1019 in
263 980 320 1029 libro,
337 992 396 1032 quem
412 981 512 1032 inscripsit
528 972 622 1033 α’ρχαίων
635 979 758 1035 μαρτυριῶν
772 992 834 1021 συνα-

75 1043 137 1104 ympni.
159 1051 245 1090 llotliter
258 1055 322 1089 tamen
335 1050 466 1102 excipiendus
477 1050 508 1089 vir
516 1049 653 1098 doctissimns3
665 1049 751 1089 nondum
760 1051 834 1102 quippe

75 1120 159 1169 detecta,
176 1131 215 1171 quo
232 1123 322 1170 ternpore
339 1118 372 1157 ille
387 1120 417 1157 sic
432 1118 542 1169 sentiebat⁷
557 1118 607 1157 Acta
625 1120 712 1171 martyrii
728 1119 747 1160 S.
763 1119 833 1173 Ignatii

75 1190 174 1230 sinceras
205 1189 232 1229 lta
250 1188 363 1228 Gallandius
376 1186 403 1242 3).

102 1279 105 1284 -
133 1259 155 1299 ll.
171 1259 256 1312 Insignis
267 1258 318 1298 haec
330 1258 355 1297 de
367 1259 460 1312 martyrio
473 1257 491 1298 S.
503 1258 607 1312 Polycarpi
622 1258 705 1310 epistola
716 1258 833 1311 rectissime,

74 1332 96 1369 ut
111 1329 204 1370 Smithius
220 1328 279 1368 docet
290 1326 324 1382 4),
341 1327 392 1380 „dni
408 1332 474 1381 potest
491 1320 599 1382 spalatina
614 1329 658 1368 sive
675 1329 793 1381 encyclica,
813 1333 834 1369 ut

76 1410 102 1438 ex
122 1399 251 1450 inscriptione
271 1403 335 1450 patet3
358 1403 426 1451 utpote
442 1399 466 1438 ad
483 1399 548 1438 varias
565 1398 672 1447 eeclesias,
695 1402 732 1437 tarn
749 1399 768 1437 iu
785 1398 833 1438 Asia

75 1469 147 1508 minori
162 1469 245 1519 vicinas,
262 1481 320 1520 qnam
336 1468 381 1508 alihi
397 1469 416 1508 in
432 1469 475 1508 aliis
486 1468 602 1521 provinciis,
618 1463 672 1507 nacci
681 1460 753 1508 πάντα
763 1460 833 1509 τόπον

73 1538 189 1577 transmissa
195 1551 201 1587 3
219 1551 269 1589 quae
286 1538 310 1578 de
326 1539 349 1578 iis
366 1538 421 1588 solis,
438 1551 489 1590 quae
503 1533 556 1577 nosti
567 1532 655 1587 Πόντον,
667 1539 735 1589 jacto
745 1539 833 1579 Pontum

74 1607 124 1646 sitae
144 1611 211 1657 erant,
233 1607 283 1647 male
304 1608 446 1660 interpretatur
461 1607 559 1647 Eusebius
572 1604 604 1660 ⁵),
625 1619 662 1659 pro
683 1596 832 1656 adiuuante

73 1669 127 1715 aneti
142 1671 215 1716 nciam
230 1669 307 1726 erinon,
329 1690 388 1730 quum
405 1677 428 1716 ad
445 1689 515 1717 omnes
531 1677 638 1727 ecclesias,
659 1677 692 1717 uhi
713 1680 832 1718 christianae

72 1746 177 1799 religionis
202 1746 302 1799 professio
325 1748 415 1800 vigebat,
439 1759 476 1799 per
499 1747 594 1787 orientem
615 1748 724 1800 praecipue
744 1759 832 1800 sparsas,

73 1814 144 1854 debeat
159 1817 267 1870 propagari
284 1821 303 1856 et
314 1817 395 1857 extendi
407 1818 430 1857 ah
444 1818 491 1869 ipsis
503 1817 711 1867 Pltilndelpttensihns
720 1814 748 1872 6),
765 1830 831 1871 quan-

72 1888 112 1923 tum
135 1885 154 1924 in
176 1886 224 1936 ipsis
246 1891 299 1937 erat,
319 1886 364 1932 τοῖς
384 1883 481 1927 ἐπέκεινα
500 1880 605 1941 ἀδελφοῖς
625 1888 786 1927 communicanda
798 1884 830 1942 7)ι

72 1953 141 1992 eadem
158 1956 266 1994 rethorum
283 1957 336 1995 serie
352 1957 371 1996 in
388 1956 479 1996 orrrnihus
494 1961 583 2006 relenta,
604 1956 688 2008 soloque
705 1957 830 2009 particularis

73 2022 178 2072 ecelesiae,
195 2023 219 2062 ad
236 2036 294 2075 quam
311 2025 409 2079 dirigitur,
425 2026 505 2065 nornine
521 2025 615 2065 mutato.“

132 2089 161 2130 lll.
192 2091 247 2131 Hanc
270 2095 373 2146 epistolam
396 2107 436 2135 non
461 2096 556 2151 continuo
580 2099 626 2148 post
649 2095 752 2149 Polycarpi
774 2107 830 2135 mat·-

72 2160 144 2212 tyrium
155 2156 187 2214 8),
211 2162 246 2201 sed
268 2164 368 2215 aliquanto
390 2169 435 2216 post
456 2170 547 2218 tempore
570 2177 580 2204 a
601 2165 715 2219 Smyrnaeis
737 2168 830 2218 scriptam

71 2229 134 2269 fnisse
150 2230 252 2270 contendit
268 2232 358 2272 Valesius
371 2230 402 2287 9),
425 2235 504 2275 dicens:
529 2248 606 2288 „quum
624 2235 787 2275 Philomelienses
805 2234 830 2275 de

94 2320 112 2364 1)
126 2319 168 2353 Hist.
183 2321 225 2354 eccl.
238 2322 266 2356 tv.
280 2323 307 2356 15.
458 2326 554 2369 inscriptam
572 2325 625 2358 luisse
642 2327 701 2359 statuit
716 2324 828 2367 Jacohsonus,

92 2378 113 2422 2)
127 2378 169 2410 lhid.
183 2377 222 2411 ttor.
237 2380 252 2412 l.
458 2393 508 2426 quem
528 2393 559 2416 nos
577 2384 631 2417 secuti
648 2394 711 2415 sumus.
737 2382 771 2415 Cir.
785 2393 829 2426 quae

93 2435 111 2476 3]
125 2434 205 2470 Biblioth.
222 2442 299 2469 veterum
315 2437 382 2471 Patrnm
399 2438 410 2471 l.
424 2450 438 2472 c.
458 2440 499 2472 intra
513 2440 534 2473 ad
547 2442 675 2484 inscriptionem
686 2439 736 2482 hujus
746 2440 828 2483 epistolae

68 2503 84 2535 p.
98 2493 183 2526 LXXXIX.
457 2499 596 2540 annotavimusp
616 2497 656 2529 273.
670 2503 705 2530 not.
718 2497 734 2530 7.

92 2552 111 2594 4)
124 2551 180 2584 Schol.
189 2553 205 2584 in
212 2551 438 2597 Ep.Smyrn.Eccl.p.ll3.
481 2555 499 2593 7)
512 2554 544 2597 Ep.
559 2554 605 2587 Eccl.
618 2554 683 2597 Stnyrn.
697 2566 711 2588 c.
725 2555 753 2589 20.

92 2608 110 2651 5)
123 2607 164 2641 Hist.
178 2609 221 2642 eccl.
234 2609 262 2650 JV,
279 2610 305 2642 15.
481 2611 500 2654 S)
513 2611 556 2645 Vide
568 2623 619 2655 supra
632 2623 647 2656 p.
661 2613 730 2646 LXXVI.

91 2664 111 2706 6)
131 2664 168 2698 ll'cn
193 2669 381 2711 Philadctplrcnsihns,
407 2669 437 2700 sed
480 2668 499 2708 9)
513 2669 551 2701 ltot.
569 2668 577 2700 l
597 2669 617 2701 ad
636 2673 701 2706 Etis-ct.
720 2670 763 2705 Hist.
783 2673 825 2706 eccl.

69 2721 146 2754 fidelibus
153 2724 255 2759 Philomelii
263 2725 354 2770 epistolam
363 2730 437 2758 nostram
446 2715 448 2728 Ι
456 2725 485 2768 IV,
500 2725 527 2757 15.
