1765 2987
76 158 94 193 S⁴
108 156 206 201 lGNATll]
371 131 541 191 PROLEGIIIIENA.
720 147 724 149 i
786 157 837 192 LXIII

76 266 145 306 desire
159 264 197 316 for
213 265 251 318 ibe
261 276 332 305 croceo
348 265 374 317 of
385 265 519 317 cnarqrrdoni,
537 278 561 306 on
574 265 619 307 tbol
631 264 719 305 coinred
733 265 760 318 by
771 264 837 317 lqnu-

14 326 18 330 ’
77 336 118 376 tias
133 335 156 375 ic
173 336 204 375 Ibe
219 334 299 387 Epistle
316 340 337 375 to
353 334 385 374 ibe
400 334 503 385 Rornons,
523 336 562 377 lios
578 349 626 377 coer
642 336 692 377 been
709 335 838 376 considered

75 419 101 447 so
125 406 244 458 peculiaria
267 405 405 457 appropriate
431 410 450 445 Io
476 406 508 446 ibe
533 406 666 457 aspar-uncas
693 406 719 457 of
740 405 837 446 monlrisli

77 477 205 527 asceticam,
222 476 267 515 ibat
281 487 312 515 coe
327 475 405 515 slioold
418 476 546 530 reasonable
562 481 636 527 expect
652 489 665 516 u
680 477 759 530 Sestion
776 475 838 517 incolt

77 552 97 587 io
113 546 194 586 reticio
210 546 252 585 abts
263 545 344 597 Epistle
358 547 394 599 for·
408 547 442 586 liis
456 559 503 586 oron
518 546 594 597 quiores
605 548 664 595 rrse²‘‚
680 547 702 586 in
714 548 837 599 preference

77 621 97 657 to
113 629 155 669 any
171 614 198 667 of
210 615 242 656 ilie
257 615 326 656 olbers
341 616 408 656 robicb
424 617 449 657 be
469 617 507 657 Iius
528 615 639 666 r'ejecled.“
671 614 784 656 Curetonns
804 617 837 657 inc

76 685 171 737 albariat,
193 686 251 725 vitam
268 686 396 726 monasticam
412 699 423 726 a
438 686 492 738 fnqu
507 686 605 738 nrorlyrii
627 685 726 739 originem
748 686 838 737 duxisse,

76 754 165 807 Ideoque
181 754 285 807 epistolam
301 754 320 796 S.
335 755 406 809 Ignatii
423 755 447 797 arl
463 755 587 805 Romanuss
600 767 645 795 curn
660 755 718 808 plena
735 756 761 795 sit
779 754 839 795 laude

76 825 171 878 martyrii,
187 824 241 865 nullo
258 824 317 865 modo
332 827 444 867 irrorcocbis
460 826 551 878 potuisse
566 824 653 877 placere.
683 824 709 865 Et
724 825 770 865 inde
787 837 840 866 con-

77 895 134 947 sequi
151 897 205 947 putat
221 894 252 934 vir
268 895 407 946 doctissimus,
429 881 519 936 veterem
535 894 588 934 illam
603 895 719 936 versionem
735 895 839 949 Syriacam

76 966 156 1005 minime
167 965 269 1006 monocbo
280 978 342 1019 posse
355 965 446 1006 adscribi.
459 988 485 995 -
498 964 549 1013 Quid
561 968 598 1014 est,
610 964 663 1017 quod
675 964 755 1004 dicam?
777 965 840 1004 Tem-

76 1035 159 1087 poribus
175 1034 231 1075 Decii
247 1036 372 1089 imperatoris
393 1037 461 1089 plures
478 1034 611 1086 Christianos,
632 1040 654 1074 ut
670 1040 772 1075 cruentam
789 1047 840 1087 per-

77 1105 201 1145 secutionem
213 1105 317 1156 evitarent,
331 1106 350 1145 in
362 1106 407 1147 luca
419 1106 499 1146 deserta
510 1105 622 1145 recessisse
633 1104 700 1157 ibique
711 1117 767 1145 more
778 1103 839 1145 Ano-

78 1176 210 1215 cboreturnnr
224 1174 278 1229 (non
289 1174 452 1231 Ilorrucliorcon)
467 1176 527 1217 vitam
540 1175 648 1216 solitariam
660 1175 747 1229 degisse,
763 1187 797 1215 res
810 1178 840 1215 est

76 1244 191 1294 notissima;
216 1244 252 1285 sed
273 1245 375 1296 oriqinern
395 1251 415 1285 cl
434 1247 526 1286 indolem
541 1245 671 1285 incarcatione
686 1244 743 1284 citae
759 1257 772 1283 n
787 1243 840 1296 fuqo

76 1314 174 1365 rriartqrii
188 1314 294 1364 derivare,
310 1314 368 1367 plane
384 1314 481 1355 insulsum
496 1318 531 1354 est.
557 1311 770 1373 RespiceAntonium
787 1314 840 1352 ritae

76 1383 199 1423 monasticae
211 1384 345 1424 institutorem
357 1387 377 1424 el
387 1384 525 1437 patriarcham,
540 1383 565 1424 de
576 1394 616 1436 quo
627 1381 748 1423 Athanasius
760 1383 839 1423 scribit:

78 1456 138 1504 „post
158 1452 209 1493 baec
230 1453 334 1493 ecclesiam
356 1455 435 1506 excepit
450 1453 552 1494 Maximini
567 1454 694 1505 persecobo,
717 1456 840 1504 sanctosque

76 1527 175 1577 martyres
186 1522 329 1565 Alexandriam
340 1522 436 1565 adductos
447 1524 480 1565 ille
492 1519 618 1578 (Antonius)
632 1521 703 1562 reIIcto
717 1522 839 1562 monasterio

78 1598 159 1635 secutus
175 1598 211 1647 est,
228 1596 295 1648 ajens:
311 1594 420 1648 Pergamus
437 1599 457 1635 et
471 1605 516 1645 nos,
532 1598 553 1634 ut
563 1593 596 1634 vel
607 1594 673 1634 vocati
684 1591 840 1647 congrediamur

78 1663 111 1704 vel
119 1664 239 1717 praeliantes
248 1667 368 1716 spectemur.
384 1663 409 1704 Et
419 1664 518 1718 circirtyrii
528 1664 612 1717 qoidcnr
620 1663 727 1704 desiderio
735 1661 842 1716 dnqrobct

79 1764 123 1774 ....
134 1734 233 1774 moerenti
244 1732 312 1773 similis
323 1738 372 1784 erat,
385 1735 438 1786 quod
449 1735 565 1789 martyrium
577 1734 659 1786 assequi
669 1746 710 1775 non
721 1734 804 1787 posset⁶⁴
815 1732 840 1788 ¹).

136 1802 167 1844 En
182 1803 314 1857 patriarcham
329 1805 472 1846 monachorum
488 1805 576 1859 martyrii
598 1804 700 1846 desiderio
720 1803 840 1859 flagrantem

79 1877 99 1914 et
114 1886 139 1914 eu
157 1896 182 1903 —
199 1873 255 1915 futile
271 1879 410 1929 argumentum
426 1875 527 1917 Guretoui.
558 1876 578 1917 Si
594 1875 647 1915 bunc
663 1874 739 1926 audias,
757 1879 840 1916 veteres

79 1942 171 1984 monachi
182 1956 193 1983 a
204 1944 297 1999 legendis
308 1956 332 1985 ac
342 1945 510 1987 transscribendis
522 1947 570 1987 actIs
584 1949 693 1999 martyrum
708 1946 841 2001 abstinebant,

79 2026 105 2054 ne
120 2013 170 2066 ipsi,
186 2015 301 2068 martyrium
317 2014 430 2070 fugientes,
450 2016 528 2069 pudore
545 2021 565 2056 et
580 2017 656 2057 rubore
671 2014 841 2056 suffunderentur.

79 2082 158 2123 Revera
174 2085 354 2139 aurenrajusrnodi
370 2085 416 2126 libri
431 2099 442 2126 a
458 2087 538 2128 nemine
558 2087 652 2140 saepius,
674 2098 685 2125 a
701 2085 780 2126 nemine
796 2091 842 2126 stu-

81 2153 156 2194 dIosins
172 2154 218 2195 lecti
235 2159 254 2195 et
270 2155 349 2196 collecti
366 2159 384 2195 et
399 2158 525 2210 transscripti
547 2161 603 2208 snut,
626 2168 684 2208 quam
706 2168 718 2196 a
740 2155 842 2196 monacbis

80 2227 101 2264 et
115 2224 168 2265 vitae
185 2225 306 2266 monasticae
322 2226 465 2268 laudatoribus.
496 2228 517 2268 ld
533 2228 622 2281 apprime
638 2227 762 2268 demonstrat
777 2227 842 2267 nubes

81 2293 182 2347 codicum,
204 2295 312 2348 quiritem
328 2296 446 2339 Sanctorum
463 2299 590 2340 continentes
605 2298 625 2337 in
641 2296 750 2337 coenobiis
770 2295 843 2335 detecti

80 2369 138 2414 sunt;
160 2369 179 2406 et
199 2364 223 2405 ad
243 2356 360 2408 borliernam
380 2379 445 2421 usque
466 2368 518 2410 diem
538 2368 559 2409 in
580 2367 671 2409 claustris
691 2367 780 2420 quotidie
795 2376 842 2419 pars

80 2435 230 2489 llartqroloqil
245 2436 324 2488 publice
339 2437 381 2492 legi
396 2438 454 2479 solet.

140 2504 252 2546 Curetonus
268 2507 346 2560 pergit:
365 2509 410 2560 „tire
420 2509 502 2561 Epistle
518 2514 539 2549 lo
556 2508 589 2548 tiae
603 2507 727 2560 Ephesiam,
745 2505 843 2545 conicias

82 2586 110 2614 uc
132 2574 324 2629 nclnocoleclqmeai
344 2591 372 2628 oq
393 2579 424 2619 ilie
446 2585 498 2632 port
518 2578 544 2630 of
560 2577 658 2631 leceline
679 2576 714 2627 sor
736 2576 769 2616 tlte
792 2575 844 2616 luind

106 2723 124 2767 1)
137 2704 222 2760 iltlrcncs.
231 2726 266 2763 vita
275 2729 292 2765 S.
299 2728 368 2764 Antonii
377 2741 392 2765 c.
399 2729 428 2765 46.
437 2726 480 2774 Opp.
490 2728 516 2764 ed.
523 2728 582 2765 Patav.
590 2727 642 2772 1772,
650 2727 668 2763 Τ.
675 2727 687 2762 l.
697 2726 715 2761 P.
722 2724 742 2761 Il.
752 2737 768 2772 p.
776 2725 810 2761 663
817 2736 842 2770 sq.
