1765 2987
191 165 273 200 rcuuru
285 163 393 199 urrsrom
405 163 435 199 uu
448 163 561 200 uruusros.
574 163 619 199 xix.
743 164 785 206 169

28 274 121 327 uarius,
138 273 211 329 Spiritu
227 277 292 316 etitem
308 275 389 322 saucto;
406 272 439 326 qui
454 276 512 315 natus
529 277 569 327 est,
586 276 606 314 et
620 272 732 327 baptizatus
748 274 785 323 est,

29 350 51 386 ut
66 344 161 399 passione
177 356 247 398 aquam
262 342 383 397 purificaret.

221 471 273 512 XIX.
305 465 356 511 Tria
371 470 471 525 mysterio
487 471 591 512 clamoris.

87 556 130 598 ¹Et
151 553 261 610 principem
285 552 344 608 hujus
368 551 434 593 mundi
456 552 512 593 latuit
534 552 609 593 llariae
634 552 738 607 virginitas
765 557 786 594 et

27 632 96 681 partus
106 626 176 680 ipsius,
190 623 280 665 similiter
291 628 311 663 et
322 621 393 663 ²mors
404 621 494 671 Domini;
511 619 565 662 ³tria
576 622 672 675 mysteria
683 622 783 685 clamoris,

28 710 79 751 quae
94 698 115 737 in
130 694 209 736 silentio
220 692 258 745 Dei
273 697 348 745 patrata
363 698 415 735 suut.
441 691 564 740 4Quomodo
576 693 636 746 igitur
647 692 784 733 manifestatus

28 773 59 808 est
75 765 166 808 seculis?
190 764 251 806 Stella
262 764 282 803 in
294 764 352 804 coelo
364 763 425 814 fulsit,
441 761 550 815 splendore
561 760 703 816 ⁵exsuperans
715 773 785 803 ornnes

28 836 107 887 stellae,
124 839 144 875 et
158 835 195 874 lux
209 833 262 874 illius
278 833 383 874 ineffabilis
400 836 453 884 erat,
469 835 489 872 et
504 836 608 885 stuporem
623 833 706 873 incussit
722 833 785 885 ipsius

27 907 113 948 novitas,
145 904 215 946 Omnia
236 907 301 943 autem
322 903 400 956 reliqua
422 907 486 954 astra,
507 914 548 942 una
569 914 613 943 curn
634 902 678 944 sole
697 906 717 943 et
732 902 786 952 luna,

28 976 101 1017 chorus
118 974 175 1015 suere
190 972 273 1022 stellae;
290 969 349 1026 ⁶ipsa
365 984 416 1014 vero
431 972 499 1013 lumen
516 983 573 1013 suum
588 971 710 1013 extendebat
724 984 786 1025 super

28 1046 100 1087 omnia.
130 1044 155 1084 Et
169 1043 293 1097 perturbatio
310 1048 359 1094 erat,
375 1043 428 1083 uude
438 1041 528 1096 prodiret
539 1043 618 1083 nouitas
628 1042 667 1083 illis
679 1041 786 1084 dissimilis.

28 1116 95 1164 Quare
110 1114 174 1155 soluta
191 1116 221 1153 est
236 1113 300 1153 omnis
316 1114 393 1166 magia,
416 1117 435 1153 et
453 1124 512 1153 omne
528 1113 629 1154 vinculum
649 1113 735 1154 malitiae
756 1116 787 1153 est

28 1186 131 1234 abolitum3
145 1183 258 1237 ignorantia
270 1181 370 1223 destructa
382 1187 418 1234 est,
429 1187 486 1224 vetus
497 1195 583 1238 regnum
597 1187 629 1224 est
638 1183 786 1234 labefactatum,

27 1255 70 1296 Deo
91 1254 203 1295 burnanitus
221 1249 358 1303 manifestato,
380 1253 400 1294 in
416 1253 524 1293 novitatem
540 1254 593 1293 vitae
612 1257 712 1293 aeternae.
743 1252 786 1308 lni-

27 1327 75 1367 tium
95 1336 145 1366 vero
166 1334 219 1364 nuno
241 1322 321 1373 sumsit,
345 1318 417 1375 lquod
433 1324 457 1362 ab
472 1322 528 1371 initio
547 1322 598 1375 apud
616 1322 681 1362 Deum
696 1327 786 1374 paratum

28 1391 96 1436 eratss.
126 1393 174 1435 lude
195 1388 280 1433 ⁹omnia
296 1393 484 1446 commovebantur,
508 1393 554 1446 quia
575 1393 613 1433 ille.
629 1392 698 1433 mortis
720 1392 786 1433 aboli-

27 1465 102 1506 tionem
118 1463 255 1505 meditabatur.

27 1632 68 1661 turn.
94 1625 185 1670 Gottingae
199 1623 250 1658 1738,
263 1624 279 1657 4,
297 1643 318 1649 „-
335 1623 398 1657 bocum
441 1624 460 1667 5)
473 1623 537 1659 Similia
556 1625 635 1669 leguntur
647 1625 665 1658 in
677 1624 787 1658 Protoevan-

27 1681 398 1726 nostrumasuspicioneGnosticismicon·
416 1681 462 1727 gelio
480 1682 541 1717 Jacobi
561 1685 577 1725 §v
591 1683 619 1716 21.
644 1682 710 1716 Alludit
729 1687 788 1715 noster

27 1747 55 1775 tra
74 1741 154 1774 Baurium
175 1740 252 1773 defendit
273 1741 351 1775 Ulrlboru
373 1741 397 1783 (in
417 1740 437 1772 ad
455 1742 538 1774 somnium
555 1740 626 1784 Joseplri
644 1742 652 1774 l
668 1741 710 1774 llos.
724 1740 757 1781 31,
770 1739 787 1772 9.

25 1802 109 1841 Nierluer,
123 1797 222 1831 Zeitschrift
235 1797 262 1830 fiir
270 1797 327 1831 histor.
338 1797 396 1832 Theoi.
417 1797 450 1832 cfr.
467 1800 623 1842 ll'irrrlr‘scbmauu,
643 1798 732 1831 Vindiciae
744 1796 787 1830 ·l’e-

28 1857 80 1890 1851.
92 1868 109 1901 p.
123 1855 157 1888 300
170 1866 206 1900 sqq.
416 1857 471 1889 trinae
484 1867 500 1899 p.
514 1855 541 1889 98.
555 1855 595 1889 Nor,

51 1915 70 1959 t)
83 1914 130 1948 Haec
142 1919 159 1947 et
172 1913 267 1958 sequentia,
281 1923 324 1957 quae
338 1912 354 1946 S.
367 1912 397 1957 lg·
440 1914 459 1958 6]
472 1910 528 1950 Αὐτός
540 1937 543 1944 .
553 1937 569 1944 ..
582 1910 656 1956 ἀνόμοιος
672 1911 726 1950 αὐτοῖς
738 1914 788 1947 deest

27 1974 83 2006 natius
100 1972 121 2005 de
135 1971 184 2005 stella
196 1971 284 2017 diagonum
296 1971 371 2015 profert,
389 1982 398 2004 a
417 1972 462 2015 apud
475 1971 542 2014 Syrum.

27 2030 71 2074 Syro
88 2030 201 2072 abbreviata,
219 2036 236 2063 et
252 2030 276 2063 ita
293 2039 330 2062 eum
347 2034 398 2062 ante·
441 2029 460 2073 t]
473 2029 485 2063 l.
496 2040 511 2063 e.
524 2031 611 2065 attinuere
621 2031 691 2065 Christi
698 2032 718 2065 io
727 2032 787 2065 terrio.

28 2088 128 2121 cedentibus
148 2087 190 2119 Θεοῦ
211 2085 287 2131 ἐπράχθη
308 2086 399 2129 conjuncta
441 2084 522 2132 Slibupd
545 2086 582 2129 Θεῷ
601 2085 724 2131 drzpprropabov.
757 2087 788 2121 llic

27 2150 76 2187 suut,
97 2150 115 2177 ut
133 2145 157 2178 nil
175 2144 238 2178 lrabeat
255 2146 288 2178 nisi
307 2145 398 2178 insulsum:
418 2146 479 2179 desiuit
491 2146 549 2178 versio
559 2145 635 2187 Syriaca,
648 2156 657 2178 a
671 2157 703 2190 qun
715 2151 732 2179 ut
742 2145 788 2179 clare

28 2205 398 2248 triabuecmpcterr'aostellufoctacunt.
417 2208 497 2247 apparet,
519 2203 612 2248 quaelibet·
625 2202 708 2245 formula,
729 2204 788 2248 quibus

28 2263 131 2307 Daneinpar
151 2261 161 2293 l.
181 2271 195 2294 c.
216 2272 233 2304 p,
251 2259 285 2293 390
304 2272 329 2305 sq.
354 2261 399 2294 bene
418 2261 459 2295 alias
473 2261 555 2304 epistolae
569 2261 648 2294 concludi
658 2260 720 2303 solent,
734 2261 788 2295 abest.

28 2319 109 2362 exponit,
135 2324 240 2363 quantopere
261 2318 312 2352 lectio
334 2318 399 2352 codicis
418 2320 531 2353 Necmirum.
548 2318 640 2352 blonachus
654 2320 698 2352 enim
711 2319 740 2352 ille
753 2330 788 2352 non

27 2375 100 2409 bledicei
119 2376 147 2409 hio
164 2376 279 2420 praeferenda
293 2376 314 2409 sit
326 2378 400 2410 versioni
417 2379 492 2422 integras
510 2376 570 2421 Ignatii
588 2376 670 2420 epistolas
683 2378 700 2409 in
713 2377 788 2422 linguam

28 2432 115 2477 Syriacae.
141 2432 189 2466 Clare
202 2433 230 2466 hic
244 2440 326 2478 apparet,
339 2434 400 2477 Syrum
418 2435 505 2479 Syriacam
519 2440 640 2477 transvertere,
654 2434 684 2467 sed
694 2445 714 2467 ea
723 2440 788 2468 tantum

27 2501 90 2535 graeca
111 2490 227 2525 abbreviasse.
259 2491 293 2525 Cir,
314 2494 398 2538 Ulalbnrn,
419 2493 517 2526 exscribere
525 2492 586 2535 uoluit,
600 2503 643 2537 quae
652 2493 685 2537 ipsi
693 2494 787 2536 praecipue

27 2548 39 2581 l.
49 2560 63 2581 c.
73 2560 89 2593 p.
98 2548 126 2591 50,
141 2549 168 2592 qui
182 2554 246 2582 textum
255 2555 331 2583 nostrum
340 2556 400 2584 contra
418 2556 475 2585 notatu
489 2550 538 2595 digna
552 2549 659 2584 videbantur.

28 2605 132 2640 Bunsenium
144 2605 189 2639 bene
203 2606 286 2641 defendit.
443 2608 462 2650 9)
474 2607 486 2641 Ι.
499 2619 513 2643 ε,
527 2610 546 2643 in
557 2619 611 2655 rapae
623 2610 706 2642 Satanae.
726 2609 787 2643 Surum
