1789 2987
111 179 155 222 458

278 333 307 366 F.

108 395 204 433 Femina.
230 399 264 434 cfr.
280 401 335 435 Uxor.

107 456 181 491 Fides.
206 457 238 491 Per
255 458 305 491 fidem
320 457 419 500 justificavit
431 456 478 491 Deus

131 525 201 557 omues,
220 517 249 560 qui
265 516 286 549 ab
299 517 346 549 initio
359 515 477 549 1110111196.

130 571 164 605 Per
182 573 232 606 fidem
250 573 293 607 salvi
310 573 351 606 fiunt
368 574 419 607 electi
437 572 476 606 337.

129 629 157 663 Ad
169 630 219 664 fidem
232 631 308 676 cogimur
317 642 326 665 a
336 630 373 665 Deo
382 630 422 665 37l.
444 630 476 665 Uni

306 175 376 211 INDEX
388 174 465 210 RERUM
477 174 506 209 ΕΤ
518 174 674 211 raasoaaatttt.

497 280 636 316 Fortunatus
650 292 660 315 a
673 278 760 315 Clemente
772 280 793 314 ad
805 280 866 316 Corin-

520 341 565 376 thios
578 341 638 374 missus
653 338 691 374 132.

496 397 582 433 Fronto
598 398 677 433 laudatur
692 409 702 431 a
716 397 732 432 S.
745 396 811 443 ignatio
826 397 866 431 152.

666 506 695 538 G.

496 571 564 606 Gavia
577 584 586 605 a
600 573 616 606 S.
628 572 694 617 ignatio
707 572 789 606 salutatur
801 572 841 606 232.

495 629 560 664 Genii
578 631 611 664 duo
630 636 669 664 suut
686 632 704 664 in
722 630 802 674 homine¹
821 631 866 665 alter

128 688 169 721 fidei
182 688 237 721 Deum
255 690 315 723 videre
332 700 433 723 eoncessum
450 695 477 722 est
517 688 613 733 aequitatis,
627 688 670 721 alter
682 689 775 733 iniquitatis
788 688 828 722 357.

129 746 169 778 310.
194 746 227 780 Pro
242 746 275 780 Dei
292 748 325 781 fide
337 746 387 781 lesus
401 746 475 781 Christus

129 805 218 839 crucifixus
231 811 256 840 est
271 806 308 839 166.
335 805 367 847 Qui
380 806 430 839 fidem
443 806 475 839 Dei

129 865 232 906 (veritatem
266 864 387 906 christianam)
423 876 475 909 prava

129 922 205 954 doctrina
219 923 322 965 corrumpit,
340 922 357 954 in
376 923 432 966 ignem
444 923 476 956 ibit

125 982 167 1015 itit.
192 978 244 1012 Fides
258 984 275 1011 et
288 978 360 1012 ebaritas
376 985 428 1012 totum
442 985 474 1022 est,

127 1037 186 1081 quibus
199 1037 240 1070 nihil
253 1037 367 1080 praestantius
380 1036 420 1070 226.
434 1037 472 1071 172.

125 1095 148 1128 Ε1
164 1097 179 1128 11
195 1095 253 1139 angeli
268 1105 302 1127 uon
319 1095 389 1128 credant
401 1096 418 1128 in
431 1106 472 1128 san-

125 1154 195 1198 guinem
205 1152 270 1194 Christi,
284 1158 302 1185 et
310 1153 342 1196 ipsi
352 1153 474 1195 judicabuntur

125 1210 165 1244 226.
184 1210 236 1244 Fides
245 1216 262 1244 et
271 1211 343 1244 ebaritas
354 1211 418 1244 initium
427 1212 472 1245 vitae

126 1274 143 1302 et
162 1269 198 1302 finis
214 1274 263 1311 sunt;
282 1270 345 1302 initium
364 1268 416 1312 fides,
436 1269 472 1303 finis

124 1327 197 1360 ebaritas
211 1327 250 1361 164.
275 1326 323 1360 Haec
340 1328 374 1360 due
390 1328 472 1361 inunum

125 1386 204 1418 coeuntia
217 1394 227 1418 a
240 1384 278 1418 Deo
295 1391 343 1426 sunt3
359 1387 415 1418 omnia
430 1396 472 1419 vero

124 1441 157 1475 alia
167 1442 187 1475 ad
197 1443 301 1486 probitatem
311 1448 425 1476 consectanea
434 1448 472 1476 sunt

125 1501 166 1534 ibid.
185 1499 235 1533 Fidei
247 1500 334 1543 adjutores
347 1503 397 1535 timor
410 1507 428 1535 et
440 1512 471 1534 su-

123 1558 203 1591 stinentia
221 1557 237 1590 3.
264 1557 315 1591 Fides
334 1569 364 1600 ea,
381 1569 426 1602 quae
442 1560 470 1591 iu-

124 1613 228 1648 credulitatis
252 1621 301 1658 sunt,
330 1627 412 1649 exercere
436 1626 471 1650 non

122 1677 189 1716 potest;
203 1683 236 1706 nec
248 1674 364 1716 incredulitas,
378 1685 421 1718 quae
430 1674 471 1707 fidei

124 1729 163 1763 158.
195 1730 255 1763 Nullus
275 1731 326 1765 fidem
350 1734 470 1776 repromittens

123 1793 190 1832 peccat,
204 1799 260 1833 neque
269 1789 369 1823 charitatem
380 1790 470 1834 possidens

123 1845 160 1879 odit
174 1846 213 1879 164.
238 1847 290 1881 Fides
304 1853 329 1881 est
342 1858 382 1881 caro
395 1848 470 1891 Domini,

123 1908 141 1936 et
161 1904 233 1937 ebaritas
259 1906 327 1949 sanguis
348 1904 409 1938 Christi
431 1906 469 1939 192.

122 1960 174 1994 Fides
193 1968 218 1996 est
230 1968 285 1996 mater
298 1963 372 1996 omnium
387 1968 470 2005 nostrum,

122 2020 239 2064 subsequente
252 2031 289 2065 spe,
302 2020 418 2064 praecedente
427 2021 470 2054 eha-

122 2078 173 2111 ritate
195 2078 235 2112 260.
267 2077 320 2112 Fides
345 2081 387 2122 [non
409 2079 469 2123 opera)

122 2136 197 2169 salvifica
216 2137 244 2170 96.
264 2136 299 2170 337
316 2149 341 2182 sq.
376 2136 410 2170 Sed
430 2136 470 2170 fidei

123 2203 176 2236 opera
189 2193 233 2226 bona
247 2194 337 2236 conjuncta
355 2205 393 2228 esse
406 2194 470 2228 debent

124 2251 151 2285 96.
165 2251 193 2285 98.
204 2250 242 2284 too,
254 2251 286 2284 120
295 2263 320 2296 sq.
329 2252 368 2285 361.
385 2252 411 2285 Ex
419 2252 469 2286 bonis

123 2308 205 2353 operibus
229 2309 291 2342 11011111
314 2307 361 2341 Deus
386 2311 469 2353 agnoseit,

122 2368 197 2401 membra
217 2378 248 2401 1101
271 2377 310 2400 esse
328 2364 368 2400 Filii
386 2367 411 2401 sui
430 2368 469 2402 156.

122 2423 157 2458 cfr.
171 2427 233 2470 Opera.

98 2482 171 2516 Filius
190 2482 242 2525 Ilei,
261 2481 338 2520 doctrina
354 2482 429 2516 Hermae
449 2481 470 2515 de

121 2541 156 2574 filie
169 2539 202 2574 Dei
215 2540 255 2574 386.
269 2541 309 2575 387.

97 2598 182 2632 Foetus
196 2609 205 2632 a
217 2599 288 2644 paganis
301 2598 364 2641 abjecti
377 2597 417 2632 301.

97 2656 181 2690 Fontes
194 2666 278 2701 perennes
291 2656 312 2688 ad
325 2666 375 2689 usum
391 2660 409 2689 et
421 2657 469 2691 sani-

122 2720 174 2748 tatem
187 2715 241 2749 creati
253 2720 292 2749 suut
304 2714 332 2749 82.

495 745 576 781 Gentes
589 746 665 780 infideles
678 746 798 780 comburentur
812 746 852 781 381.

494 806 551 840 Genu
568 805 624 838 cordis
639 804 710 838 flectere
726 804 764 838 130.
790 804 864 839 Genibus

516 864 577 909 positis
590 873 640 897 orare
653 862 692 896 330.

494 921 636 955 Germanicus
644 926 708 964 martyr
715 921 816 955 fortissimus
823 921 862 955 276.

493 978 579 1022 Grapte
591 978 641 1011 vidua
655 977 695 1011 330.

493 1035 569 1069 Gratia
577 1035 609 1068 Dei
622 1041 694 1069 vocatur
702 1046 711 1068 a
720 1034 798 1069 Barnaba
806 1042 862 1071 uatu-

514 1096 573 1136 ralis,
595 1104 625 1127 seu
645 1094 702 1136 potius
721 1095 787 1136 insite,
813 1093 862 1127 altius

515 1151 591 1185 radicata
605 1157 622 1184 et
634 1151 709 1194 plantata
725 1152 742 1184 in
754 1152 809 1185 anima
820 1151 862 1194 justi

515 1208 531 1243 1.
553 1208 609 1243 Gratia
619 1208 651 1242 Dei
659 1208 722 1242 Filium
733 1209 777 1242 misit
789 1211 805 1243 in
817 1220 861 1258 pre-

514 1268 554 1301 tium
572 1267 683 1301 redemtionis
700 1273 770 1301 nestrae
789 1267 823 1302 308
835 1279 861 1313 sq.

514 1325 554 1359 311.
574 1325 649 1359 Gratiam
660 1327 778 1369 poenitentiae
791 1327 861 1370 sanguis

515 1382 576 1417 Christi
582 1385 614 1417 1011
620 1383 682 1417 mundo
689 1383 750 1417 obtulit
756 1384 784 1417 62.
793 1382 861 1416 Gratiae

515 1441 861 1485 divinaeministriperSpiritumsanctum

514 1499 536 1532 de
542 1500 647 1542 poenitentia
654 1505 693 1532 sunt
698 1499 751 1533 locuti
756 1499 784 1532 64.
792 1499 860 1532 Gratiae

514 1557 575 1591 denum
595 1564 621 1591 est
637 1558 710 1591 ebaritas
728 1557 767 1590 121).
793 1556 860 1590 Gratiae

514 1615 576 1650 donum
595 1621 621 1649 est
637 1616 744 1660 poenitentia
760 1615 800 1648 224.
819 1615 859 1649 269,

512 1673 552 1707 404.
574 1673 630 1707 Gratia
643 1685 700 1707 sumus
713 1673 780 1715 salvati,
793 1684 826 1707 11011
839 1684 860 1707 ex

513 1730 593 1775 operibus
606 1731 646 1765 256.
666 1731 713 1765 lleus
722 1731 751 1765 dat
759 1732 859 1775 sapientiam

513 1794 546 1823 etc.
560 1790 588 1823 50.
613 1789 684 1834 Spiritus
697 1795 765 1823 sanetus
780 1791 797 1823 in
810 1789 859 1823 nohis

512 1847 577 1880 habitat
584 1846 624 1881 353.
635 1846 666 1887 Qui
674 1848 775 1891 cupiditates
783 1852 858 1890 superat,

512 1903 550 1938 Deo
567 1906 655 1938 victoriam
673 1904 758 1938 adscribat
773 1905 818 1947 3733
837 1915 863 1944 ne

512 1962 602 2007 glorietur,
616 1962 683 2004 sciens,
694 1962 750 1995 -alium
764 1973 813 2006 esse,
832 1964 860 2006 qui

513 2022 627 2054 continentiae
638 2020 699 2053 donum
708 2021 739 2064 ipsi
748 2020 811 2055 tribuat
820 2020 858 2055 104.

512 2077 547 2111 238
559 2089 584 2122 sq.
610 2077 711 2111 assistentia
728 2079 785 2112 divina
799 2085 859 2113 eontra

513 2134 576 2169 diaboli
589 2136 666 2170 incursus
676 2134 716 2169 376.
725 2135 765 2171 352.
783 2137 859 2179 Quorum

512 2194 580 2228 uiderat
592 2193 674 2228 Dominus
687 2206 737 2238 puras
750 2202 816 2229 mentes
829 2196 858 2229 fu-

511 2257 568 2294 turas,
591 2257 608 2285 et
628 2253 721 2285 servituros
742 2254 758 2286 ei
779 2263 799 2287 ex
818 2253 858 2287 totis

511 2309 622 2354 praecordiis,
629 2309 661 2343 illis
667 2310 857 2354 tribuitpoeniteutiam.

511 2367 534 2400 At
551 2378 622 2412 quorum
639 2369 706 2411 aspexit
723 2368 781 2401 dolum
794 2374 812 2401 et
825 2379 857 2401 ne-

512 2425 580 2468 quitias,
589 2427 660 2468 negavit
668 2425 700 2458 illis
707 2424 727 2458 ad
735 2426 858 2470 poenitentiam

512 2492 609 2526 regressum
615 2482 655 2516 404.
664 2481 710 2516 Deus
720 2493 779 2517 omues
785 2482 857 2517 dilectos

511 2541 625 2583 poenitentiae
638 2541 674 2574 fieri
682 2541 718 2575 vult
728 2542 819 2586 participes
828 2540 857 2575 64.

512 2596 622 2641 Cupientihus
639 2599 684 2633 hene
701 2610 753 2644 agere
770 2599 817 2632 Deus
835 2599 857 2632 ad

511 2655 617 2701 largiendum
634 2662 703 2701 paratus
724 2663 750 2691 est
770 2657 810 2691 230.
835 2655 858 2690 Ut

512 2713 625 2749 observentur
640 2715 673 2749 Dei
689 2714 777 2759 mandata,
794 2714 857 2760 angeli
