1765 2987
567 54 571 72 i

234 168 254 205 II.
268 167 392 205 CLEIIEN'IIS
404 170 435 206 AD
447 170 498 207 COR.
512 170 546 208 vu.
560 170 603 207 VIII.
756 173 798 216 143

160 335 199 377 vu.
232 336 361 378 Certondom
376 343 408 379 est
422 338 491 391 nobie,
507 345 530 382 ot
544 352 674 382 coronemur.

99 416 205 470 Quocirca,
221 418 295 459 iratres
306 419 351 471 mei,
363 426 469 474 certemus,
480 424 575 472 scientes,
590 424 635 475 quia
647 434 695 477 prae
706 422 797 462 manibus

39 490 70 526 cst
88 484 216 539 ¹certamen,
238 492 258 528 et
279 488 325 541 quia
347 490 371 529 ad
387 492 522 544 corruptibilia
544 493 652 532 certamina
668 492 723 532 multi
739 490 797 532 ²ad-

38 556 125 611 pellunt,
147 557 184 598 sed
205 569 246 599 noo
270 570 339 600 omnes
356 567 490 613 coronamur,
513 561 551 602 nisi
567 562 600 615 qui
615 561 721 615 plurimum
736 562 796 602 labo-

37 627 128 668 raverint
144 632 163 667 et
178 629 282 681 praeclare
298 632 399 672 certarint.
429 632 472 672 Nos
488 617 672 686 igiturcertemus,
690 637 712 672 nt
727 644 797 673 omnes

38 707 166 739 coronemur.
197 697 252 752 Ergo
274 696 397 741 ³curramns
420 701 470 742 viam
493 704 581 752 rectam,
604 705 705 741 certamen
726 701 797 741 incor-

37 768 141 823 ruptibile,
165 773 185 810 et
200 768 255 809 multi
270 768 294 810 ad
310 770 374 822 ipsum
391 771 516 824 navigemus,
533 775 593 823 atque
609 775 721 820 certemus,
740 774 761 811 ut
777 774 798 812 et

38 850 164 879 coronemur.
195 838 237 879 Etsi
253 851 292 881 non
309 851 417 892 possumus
434 853 504 882 omnes
520 841 625 892 coronari,
648 840 718 881 saltem
733 852 797 893 prope

37 919 132 949 coronam
149 909 217 948 simus.
248 907 305 950 Scire
321 920 358 949 vos
375 914 466 963 oportet,
488 909 555 964 quod,
577 909 610 963 qui
629 913 729 950 certamen
747 920 797 949 cor·

36 978 130 1032 roptibiie
146 982 215 1030 certat,
232 979 249 1020 si
265 978 378 1020 invematur
393 992 525 1034 corrumpens
539 984 559 1020 et
573 991 667 1033 peccans,
683 979 796 1033 flagellatus

37 1046 157 1099 4aufertur⁷
179 1052 200 1088 et
220 1051 277 1089 entra
298 1048 382 1090 stadium
403 1051 513 1104 projicitur.
546 1049 597 1098 Quid
620 1049 678 1090 vobis
699 1049 796 1091 videtur?

36 1118 74 1167 Qui
89 1117 245 1172 incorruptionis
262 1123 363 1160 certamen
379 1121 504 1173 corruperit,
527 1118 574 1173 quini
590 1119 694 1172 patietur?
725 1120 755 1160 De
771 1119 795 1160 iis

25 1188 98 1239 enim,
115 1189 147 1241 qui
165 1185 268 1241 ⁵sigillnm
285 1199 326 1230 non
341 1191 480 1241 servaverint,
497 1191 533 1230 ait:
552 1186 648 1231 ioannis
664 1202 736 1230 eorum
751 1202 795 1230 ooo

35 1259 142 1309 morietur,
159 1263 179 1299 et
189 1257 244 1311 ipnis
255 1271 327 1318 eorum
337 1271 381 1307 oon
392 1261 525 1313 ectinpnetor
531 1273 538 1308 ;
555 1265 574 1299 et
586 1258 680 1299 orontio
691 1260 795 1300 visionem

36 1341 91 1369 omna
108 1340 174 1369 coron.

34 1458 82 1499 VIII.
115 1456 220 1507 Quamdiu
235 1458 258 1497 a'o
274 1457 313 1499 icoo
333 1459 410 1499 nanneto
432 1471 514 1510 somus,
535 1458 686 1510 poenitentiam
708 1469 795 1510 opomos

244 1531 265 1567 et
279 1539 363 1567 coenem
379 1533 457 1569 costum
475 1541 587 1570 servemus.

95 1605 212 1657 ⁷Quamdiu
228 1621 277 1663 ergo
296 1610 390 1651 interris
408 1610 511 1665 degimus,
534 1610 677 1664 poenitentiam
698 1620 793 1663 agamus3

34 1680 96 1722 Iutum
118 1679 191 1733 quippe
213 1691 281 1720 sumus
301 1679 322 1720 in
344 1692 402 1721 nianu
424 1681 511 1722 artificis.
548 1679 717 1729 Quemadmodum
741 1679 794 1720 enim

33 1751 117 1805 signius,
143 1750 160 1790 si
183 1761 218 1789 vas
241 1750 324 1801 fecerit,
350 1751 439 1804 illudque
463 1753 484 1792 in
507 1751 596 1792 manibus
621 1752 665 1805 ejus
690 1749 795 1789 distortum

34 1821 95 1862 iuerit
115 1824 148 1861 aut
167 1818 284 1871 contritum,
307 1831 377 1874 rursus
399 1820 447 1861 iliud
469 1820 562 1874 refingit;
583 1820 614 1861 sin
634 1831 684 1860 vero
706 1817 753 1859 iliud
773 1818 793 1858 in

33 1892 135 1934 fornacem
152 1889 204 1945 ignis
220 1890 299 1931 mittere
315 1891 461 1944 praefiniverit,
483 1903 523 1931 non
540 1891 622 1944 amplius
643 1890 661 1930 ei
676 1893 793 1939 succurret;

32 1962 59 2003 ita
76 1966 96 2002 ct
110 1972 155 2012 nos,
171 1961 265 2014 quamdiu
280 1961 299 2001 in
316 1961 355 2001 hoc
371 1961 445 2003 mundo
461 1973 536 2012 sumus,
552 1965 688 2013 peccatorum,
706 1971 757 2012 quae
773 1959 793 1999 in

33 2044 94 2072 corne
117 2032 230 2085 gessimus,
255 2043 281 2071 ex
299 2034 346 2071 toto
370 2031 433 2073 corde
455 2031 598 2086 poenitentiam
621 2041 715 2084 agamus,
739 2025 760 2069 ut
782 2041 794 2069 a

32 2102 118 2143 Domino
134 2101 242 2152 salvemur,
258 2100 304 2141 dum
315 2102 450 2153 poentienuae
462 2107 540 2155 tempos
554 2101 655 2141 habemus.
686 2099 793 2152 Postquam

33 2173 85 2214 enim
104 2184 116 2212 e
136 2161 210 2212 mondo
230 2171 339 2222 exivimus,
360 2183 401 2211 non
421 2172 505 2224 amplius
527 2182 634 2223 possumus
652 2169 679 2210 ibi
695 2168 793 2220 confiteri,

32 2247 65 2284 aut
89 2241 231 2297 poenitentiam
257 2253 326 2295 agere.
365 2241 444 2294 Quare,
471 2242 558 2294 fraires,
584 2241 706 2282 voluntatem
729 2239 793 2280 Patris

32 2312 142 2363 facientes,
166 2316 186 2353 et
210 2323 290 2351 cantem
314 2316 389 2353 castam
412 2316 530 2364 servantes,
555 2315 574 2352 et
598 2310 691 2351 mandata
715 2308 793 2350 Domini

32 2382 169 2425 custodientes
185 2393 334 2435 consequemur
349 2382 409 2423 vitam
424 2385 533 2424 aeternam.
562 2381 614 2422 Dicit
630 2380 683 2421 euim
694 2378 791 2421 Dominus

32 2510 102 2555 quasia
116 2510 158 2547 Dio,
175 2508 220 2553 quod
237 2514 255 2543 et
266 2507 329 2542 uolteo
346 2508 404 2553 piacet
422 2516 457 2552 tor,
471 2499 565 2553 respiciens
574 2507 595 2542 ad
605 2506 692 2552 epistolam
702 2505 719 2540 S,
729 2504 791 2550 Ignatii

32 2568 129 2612 respicienti
149 2566 170 2600 ad
188 2566 278 2611 epistotam
291 2566 308 2599 S.
322 2565 369 2600 Pauli
381 2568 402 2600 ad
421 2567 442 2601 ad
454 2566 568 2611 Polycarpum
581 2578 596 2600 c.
609 2566 625 2599 3.

31 2625 121 2660 Hebraeos
135 2623 163 2666 12,
176 2624 190 2657 1.
215 2623 288 2658 Birrius:
306 2636 401 2670 portamus,
444 2624 463 2666 5)
477 2624 489 2658 1.
502 2636 518 2657 e.
532 2627 643 2668 baptismum.
661 2624 714 2656 Fano.

31 2685 42 2719 i.
55 2695 71 2718 c.
85 2693 201 2729 proponamus
213 2684 273 2725 nobis,
286 2694 296 2717 a
309 2685 372 2725 τίθημι,
444 2682 462 2723 6)
476 2681 514 2715 isai.
528 2681 556 2724 66,
570 2682 598 2715 24.
743 2723 746 2726 Α

55 2743 76 2789 4)
93 2741 144 2777 Noli&
157 2739 228 2785 conjicii
240 2739 302 2785 tik'perui
313 2743 400 2778 verbera·
443 2741 463 2786 7)
476 2739 501 2774 Ita
513 2738 570 2775 Noiie·
595 2738 626 2775 DIS.
639 2744 657 2776 ei
669 2739 721 2780 editi:
735 2737 759 2778 ὥς.
