1765 2987
175 182 259 219 IGNIITII
270 181 375 218 Ertsrotn
388 181 417 217 ᾹΙ)
431 183 573 222 IRALLIANOS.
587 184 630 220 rut.
643 185 671 220 IX.
686 186 707 220 X.
780 188 822 230 193

63 291 111 333 VIII.
138 292 217 334 Contra
232 290 314 332 diaboti
330 291 423 332 insidias
433 294 556 335 muniamini
567 295 736 346 inflammamini,
752 294 795 347 fide
806 299 826 335 et

388 362 497 404 enaritate.

75 448 78 450 ’
121 432 166 474 Non
183 433 236 487 quod
253 432 344 474 noverim
360 433 399 473 tare
416 434 462 487 quid
478 435 594 489 intervos,
616 437 667 478 haec
684 437 764 487 scrih03
787 435 824 478 sed

62 505 190 558 praemunire
210 503 258 544 vnto
279 514 326 555 vm,
350 508 371 544 ut
392 504 443 545 filins
459 517 514 546 meos
535 506 675 558 charissimos,
696 508 823 560 prospiciens

62 573 144 615 insidias
157 573 236 614 diaboli.
263 573 304 613 Vos
319 573 393 626 itaque,
413 574 599 617 ¹mansuetudinem
611 582 743 629 assumentes,
759 590 824 631 rege-

62 647 133 683 nerate
148 646 227 683 vosmet
242 642 297 695 ipsos
313 643 333 682 in
349 643 394 696 fide,
411 643 480 698 ¹quae
495 650 526 686 est
540 658 587 687 caro
598 646 685 697 Domini,
702 650 722 686 et
736 646 755 686 in
773 647 824 687 eha-

62 713 127 764 ritate,
143 725 195 765 quae
211 713 339 766 est'snnguis
350 713 401 754 Jesu
412 714 490 756 Christi.
523 713 609 756 ³Nuttus
622 720 712 755 vestrum
726 715 824 757 adversus

62 782 175 837 proximum
199 779 290 835 ¹aliquid
312 783 390 823 habeat.
428 782 475 825 ⁵Ne
499 797 567 825 ansam
591 785 642 826 detis
666 785 773 838 gentibus,
799 797 825 824 ne

62 856 145 906 propter
160 864 235 906 paucos
251 853 368 907 insipientes
385 853 496 906 multitudo,
512 866 564 906 quae
580 859 610 895 est
624 855 644 896 in
658 855 710 906 Deo,
727 855 825 907 blasphe-

62 927 132 964 metur.
164 920 227 963 fitne
242 924 296 963 enirn
311 922 343 982 ii,
363 935 403 974 per
426 936 486 976 qnam
507 924 530 964 in
550 925 645 965 munitate
664 937 740 966 nomen
760 937 826 966 nrennn

63 993 121 1045 apud
136 993 219 1046 aliquas
237 992 398 1045 blasphematur.

62 1120 95 1161 IX.
126 1121 197 1163 Nolite
213 1122 289 1162 nnndire
306 1135 349 1174 eos,
366 1124 402 1175 qni
418 1122 463 1163 sine
479 1121 563 1164 Cinisto
580 1123 699 1176 loquuntur.
727 1121 825 1163 Historia

83 1190 85 1192 ’
400 1192 486 1233 Christi.

124 1268 238 1313 ¹Obturate
263 1272 325 1326 igitur
350 1285 410 1314 aures
436 1277 526 1324 vestras,
556 1285 616 1325 quum
641 1274 699 1314 vebis
725 1273 823 1326 quispiam

62 1341 152 1393 loquitur
171 1342 215 1382 sine
230 1341 280 1382 Jesu
299 1341 389 1394 Christe,
410 1338 464 1395 8qui
483 1355 509 1383 ex
530 1354 608 1396 genere
628 1342 721 1393 Davidis,
743 1343 776 1395 qui
797 1355 824 1383 ex

62 1412 135 1464 diaria,
158 1413 192 1465 qui
207 1424 256 1453 vere
271 1417 329 1453 natus
346 1416 387 1465 est,
410 1412 451 1453 edit
471 1417 490 1453 et
510 1412 569 1462 bitti,
591 1424 640 1452 vere
661 1411 823 1465 persecutionem

62 1492 134 1533 passus
151 1485 181 1521 est
201 1483 237 1522 sub
253 1482 323 1522 Pontio
339 1482 412 1534 Pilato,
433 1494 482 1522 vere
503 1480 610 1521 crucifixus
632 1484 652 1521 et
673 1485 764 1521 mortuus
786 1485 824 1530 est,

62 1550 176 1592 videntibus
197 1551 319 1592 coelestibus
335 1548 375 1592 ⁹et
391 1550 519 1592 terrestribus
540 1555 560 1590 et
579 1550 727 1599 subterraneis3
749 1550 783 1603 qui
804 1554 824 1590 et

61 1632 111 1660 vere
119 1621 231 1661 resurrexit
239 1633 250 1662 a
259 1621 348 1671 mortuis,
359 1622 491 1662 resuscitante
502 1621 565 1673 ipsum
576 1624 633 1672 patre
643 1620 711 1672 ipsius,
724 1616 742 1643 ¹¹¹
749 1632 822 1672 quem-

62 1689 167 1730 admodum
182 1688 199 1714 ¹¹
208 1691 231 1730 nd
243 1691 287 1744 ejirs
298 1690 445 1731 similitudinem
460 1695 479 1731 et
489 1700 533 1740 nos⁷
550 1689 568 1728 ei
580 1688 693 1739 credentes,
709 1693 767 1740 pater
778 1689 821 1741 ejus

61 1760 88 1800 ita
95 1760 222 1801 resuscitabit
229 1760 248 1799 in
254 1758 303 1800 Jesu
309 1760 394 1811 Christo,
404 1757 470 1800 ¹²sine
478 1770 517 1812 quo
526 1769 594 1798 reram
601 1759 662 1798 vitam
670 1769 710 1797 nnn
718 1752 820 1797 hahemus.

60 1886 84 1927 Χ,
110 1886 134 1926 Si
149 1886 246 1927 Ctrtsras
258 1899 363 1927 monuere
374 1898 451 1938 passus
466 1891 503 1935 est,
519 1885 603 1935 frustra
616 1898 653 1936 eqo
668 1884 754 1925 vincula
765 1883 820 1935 sero.

120 1967 141 2009 Si
156 1979 218 2018 vero,
234 1971 255 2007 ut
271 1966 350 2018 quidam
365 1966 429 2018 athei,
444 1966 485 2015 hoe
499 1971 541 2018 est,
562 1965 665 2017 infideles,
687 1966 754 2019 ajunt,
775 1977 821 2005 eum

61 2035 172 2076 seeundum
188 2036 321 2088 apparentiam
338 2047 384 2076 esse
399 2048 487 2089 passum,
503 2036 542 2088 ipsi
557 2034 668 2076 seeundum
684 2036 820 2088 apparentiam

61 2109 135 2145 tantum
148 2105 270 2155 existentes3
286 2105 310 2145 ad
322 2105 369 2158 quid
381 2118 419 2160 ego
431 2107 510 2147 vinctus
521 2118 573 2157 sum,
589 2117 625 2146 cur
638 2108 685 2158 opto
696 2117 741 2145 eum
751 2103 821 2144 hestiis

62 2173 195 2228 depugnare?
225 2174 308 2215 Frustra
329 2175 397 2226 itaque
421 2175 513 2216 morior?
547 2173 563 2200 ¹³
572 2175 645 2217 Nonne
664 2185 705 2228 ego
725 2172 774 2214 falsa
796 2172 821 2213 de

61 2244 146 2285 Domina
161 2244 252 2297 loquor?

84 2335 103 2377 9)
116 2335 151 2366 Καὶ
164 2340 219 2368 exstat
231 2337 248 2368 in
260 2334 301 2368 tito.
320 2338 358 2369 Jnc⁴
448 2334 498 2380 ἐγερεῖ
510 2334 531 2379 [ὅ
541 2330 595 2378 mariq
607 2331 656 2378 nist]
671 2332 688 2366 ἕν
702 2335 773 2378 Χριστῷ.

75 2392 105 2437 10)
117 2392 142 2426 Ita
154 2391 246 2436 legendum
260 2403 298 2426 esse
311 2397 369 2425 monet
378 2394 429 2427 Smi-
462 2394 492 2438 11]
506 2392 540 2426 Cir.
552 2391 560 2424 I
573 2390 611 2424 Cor.
627 2391 656 2433 15,
670 2391 699 2425 49.

62 2452 121 2492 tirius,
141 2450 185 2483 duce
204 2451 259 2484 veteri
274 2449 375 2494 Interprete.
400 2450 430 2483 Iis.
462 2450 491 2492 12)
506 2445 818 2491 Cfr.t0h.3‚36.5,40.14‚6.20‚3t.

61 2507 105 2539 aazia*
120 2504 141 2539 τό
157 2505 241 2549 ὁμοίωμα,
260 2504 276 2544 ὃς
293 2510 320 2539 καὶ
337 2505 377 2549 riade
395 2506 432 2544 τούς
463 2508 492 2551 13)
505 2508 578 2541 Sensus:
603 2517 661 2540 nentina
681 2517 711 2549 eyn
731 2506 781 2549 fale-n
799 2505 820 2538 de

62 2562 168 2602 πιστεύοντας
176 2577 190 2595 κ.
198 2576 213 2595 τ.
221 2565 234 2595 t.
259 2567 309 2600 Natta
321 2565 332 2597 I.
345 2576 361 2600 e.
369 2576 386 2609 p.
397 2565 431 2599 232
451 2564 743 2609 navatianqamtstitti,veram
752 2563 821 2596 Christi

61 2622 112 2668 legit:
131 2618 148 2660 ὃς
163 2623 191 2654 καὶ
207 2619 248 2653 anri
264 2620 284 2654 τό
301 2619 377 2663 ὁμοίωμα
393 2620 433 2664 ἡμᾶς
450 2629 523 2657 inertem
538 2626 633 2666 tranantes,
651 2629 695 2653 vern
707 2617 820 2663 loquuntur?

61 2680 98 2717 τούς
113 2678 218 2717 πιστεύοντας
234 2677 278 2722 αὗτῷ
294 2677 344 2716 οὕτως
355 2678 404 2724 ἐγερεῖ
415 2678 432 2711 ἓν
450 2683 500 2715 Mors
516 2690 554 2713 mea
566 2680 607 2724 ipsa
618 2678 677 2721 falsae
689 2677 782 2711 doctrinae
793 2681 821 2712 est

63 2738 130 2782 Χριστῷ
140 2736 185 2779 Ἰηοῦ.
201 2736 307 2770 Bunsenius:
320 2733 348 2773 ὃς.
358 2762 361 2768 .
370 2761 373 2768 ,
382 2734 433 2773 nitore
449 2736 564 2782 praedicatio.

96 2807 140 2834 Patres
149 2810 192 2839 nnost.
204 2806 225 2833 ed.
236 2806 259 2831 IV.
651 2790 678 2835 13
