1789 2987
98 198 144 235 xxu
390 175 563 228 musmonem..
681 210 683 213 -
726 187 856 237 [uusromn

99 306 158 348 moda
173 303 220 347 illud
237 306 292 354 erat,
314 300 368 355 quod
384 304 443 341 sexto
460 300 552 342 milliario
567 312 639 356 aquam
653 296 742 340 humeris
757 300 799 341 suis
817 299 856 340 de-

98 382 180 430 portare
202 373 304 415 deberent.
340 369 434 413 Pontifex
455 375 520 412 autem
542 384 612 413 eorum
635 371 764 412 miseratione
784 374 856 421 taetus,

98 459 142 486 cum
158 444 205 499 agui
221 443 324 498 eujusdam
341 442 408 495 ductu,
424 442 459 482 ubi
475 442 520 483 lons
538 447 598 495 esset,
615 442 752 497 cognovisset,
769 453 819 492 eam,
837 444 857 479 ut

98 514 217 566 effoderent,
234 514 352 555 Christianis
369 512 461 555 ostendit.
488 512 563 561 Quibus
577 513 711 566 nequicquam
721 511 856 553 laborantibus

98 586 117 629 S.
130 585 223 626 Clemens
240 585 284 639 ipse
300 596 345 625 eum
360 584 426 625 locum
440 583 482 624 levi
492 584 532 625 ictu
543 584 649 636 percussit,
665 587 685 624 et
696 570 741 624 lons
752 582 805 622 illico
817 594 857 622 ex-

98 657 150 697 siliit.
172 655 203 697 Ad
215 655 305 696 miraculi
316 654 375 708 buJus
386 654 457 695 famam
468 658 509 695 tota
518 656 622 708 provincia
631 657 756 704 accurrente,
767 651 857 692 cunctis-

99 740 138 780 que
154 726 179 766 ad
195 726 254 767 fidem
270 724 366 767 traductis
383 729 403 766 et
418 725 529 779 baptizatis,
545 726 597 767 intra
612 726 658 768 anni
674 725 757 778 spatium
772 727 857 776 septua-

99 796 154 850 ginta
166 795 266 836 ecelesiae
278 798 411 846 constructae,
423 794 476 836 idola
489 796 554 837 onmia
566 796 674 847 confracta,
685 793 758 847 templa
769 793 858 833 circum-

97 867 184 920 Jacentis
196 866 286 920 regionis
298 864 369 917 diruta,
386 878 497 919 omnesque
508 867 546 908 luci
558 879 622 921 usque
633 866 657 908 ad
668 868 757 906 trecenta
769 862 857 904 milliaria

99 936 118 977 iu
136 936 220 978 circuitu
236 936 312 978 concisi
328 935 391 977 luere.
423 936 520 991 Trajauus
537 949 598 989 vero,
619 940 641 977 ut
661 940 734 977 tantum
753 935 783 976 rei
802 932 858 975 chri-

100 1007 177 1048 stianae
193 1018 325 1061 progressum
341 1008 428 1058 sisterei,
446 1007 568 1048 Clementem
579 1006 667 1048 anchora
679 1007 702 1047 ad
715 1006 787 1047 collum
797 1005 859 1058 ligata

98 1077 118 1117 iu
141 1090 196 1117 mare
221 1076 311 1131 demergi
333 1076 437 1117 mandavit.
468 1076 495 1117 At
515 1077 565 1117 mari
586 1088 650 1128 usque
671 1075 696 1116 ad
717 1076 795 1127 locum,
818 1086 857 1128 quo

99 1147 198 1200 pontilicis
210 1158 284 1200 corpus
296 1147 382 1200 jacebat,
398 1145 514 1198 recedente,
530 1145 579 1187 illud
589 1141 665 1187 tumulo
677 1156 740 1187 saxeo
751 1145 771 1186 in
783 1146 856 1200 templo

100 1216 185 1270 quodam
201 1227 314 1258 marmoreo
332 1207 433 1257 conditum
450 1216 556 1257 Christiani
571 1215 707 1258 inuenerunt“
722 1213 747 1270 ¹).

158 1287 180 1327 ll.
201 1286 308 1327 Clementis
319 1288 442 1341 temporibus
455 1301 514 1341 quum
526 1288 645 1342 gravissima
657 1286 757 1328 dissensio
769 1286 859 1328 Corinthi

101 1362 173 1398 exorta
190 1361 244 1398 osset
263 1358 315 1398 inter
335 1357 408 1399 fratres
419 1355 453 1413 ²),
476 1358 563 1399 eeclesia
578 1358 666 1400 Romana
681 1357 857 1399 luculentissimam
890 1373 894 1380 ·

101 1428 205 1480 epistolam
222 1427 329 1468 Corinthiis
345 1428 436 1482 scripsit,
456 1441 494 1481 qua
511 1440 547 1470 eos
563 1430 587 1470 ad
603 1441 672 1483 pacem
689 1427 857 1480 concordiamque

99 1503 219 1550 reuocaret,
236 1503 256 1539 et
271 1498 330 1539 fidem
346 1499 435 1550 illorum,
452 1504 472 1540 et
488 1512 545 1552 quam
560 1511 633 1540 recens
649 1500 673 1540 ab
689 1497 793 1553 Apostolis
810 1509 859 1539 sus-

101 1572 197 1622 ceperant
208 1568 335 1610 traditionem
346 1573 474 1610 renovarent.
496 1569 524 1609 lta
534 1566 666 1623 11·enaeus³).
687 1569 743 1610 Hanc
754 1568 857 1622 epistolam

100 1641 181 1681 nomine
198 1640 297 1681 ecclesiae
309 1639 412 1681 Romanae
429 1640 551 1681 Clementem
567 1643 657 1680 nostrum
673 1637 780 1693 scripsisse
795 1637 858 1679 refert

100 1708 200 1750 Eusebius
212 1706 246 1764 Ὃς
264 1709 359 1762 multique
376 1710 408 1750 alii
424 1713 515 1751 veterum
530 1709 589 1762 hujus
606 1709 704 1762 epistolae
719 1709 858 1749 meminerunt.

101 1779 140 1820 Sed
161 1784 206 1820 ante
227 1779 271 1821 Sec.
287 1779 344 1820 XVII.
366 1791 435 1820 omnes
457 1779 517 1821 medii
539 1783 558 1819 ct
578 1779 680 1820 interioris
702 1779 746 1820 aevi
767 1776 875 1836 theologi,

100 1848 152 1890 hanc
168 1850 230 1903 patris
247 1849 353 1903 apostolici
369 1850 473 1903 epistolam
490 1849 613 1902 deperditam
627 1849 728 1902 lugebant.

160 1920 220 1960 Anno
237 1925 302 1960 autem
320 1917 376 1960 1528
391 1919 476 1973 Cyrillus
486 1919 575 1971 Lucanis,
591 1918 704 1959 Patriarcba
715 1918 859 1960 Constantino-

102 1987 214 2040 politanus,
237 1987 350 2043 Anglorum
365 1989 410 2044 regi
426 1988 498 2029 Carolo
513 1987 527 2028 l.
548 1988 706 2041 antiquissimum
723 1988 745 2028 V.
762 1993 782 2029 et
796 1988 820 2029 N.
837 1988 859 2028 Τ.

104 2057 195 2098 codicem
212 2057 265 2100 dono
280 2059 333 2100 misit
343 2058 376 2115 ⁵);
393 2062 413 2100 ct
429 2070 484 2111 ecce,
499 2057 523 2100 ad
540 2059 614 2099 calcem
626 2058 790 2112 praestantissimi
800 2058 860 2113 hujus

129 2183 147 2227 1]
159 2183 234 2217 Historia
244 2183 294 2218 theol.
305 2185 341 2218 crit.
349 2184 386 2219 Τ.Ι,
395 2198 412 2230 p.
421 2186 472 2232 52sq.
491 2185 579 2228 rejecisse.
604 2186 637 2220 Sed
651 2185 730 2221 Clemens
747 2186 785 2230 ipse
797 2195 860 2219 recen-

129 2241 148 2284 2)
162 2242 227 2275 Seditio
236 2248 281 2275 mota
290 2243 346 2276 suerat
355 2250 414 2277 contra
422 2256 472 2289 pres·
491 2246 552 2277 liorem
570 2243 695 2278 Corinthiorum
715 2244 818 2279 seditionem
838 2242 859 2277 ab

104 2299 177 2344 byteros
187 2302 209 2344 (c.
219 2300 256 2344 47),
269 2302 297 2346 qui
306 2300 368 2344 injuste
377 2302 473 2337 muneribus
492 2302 520 2336 illa
533 2303 587 2346 priori
600 2302 645 2337 bene
658 2303 746 2348 distinguit
758 2313 772 2335 c.
785 2301 814 2334 47.

104 2360 138 2393 suis
152 2358 277 2402 dejiciebantur
289 2361 312 2403 (e.
321 2359 357 2401 44).
383 2359 473 2394 Sebenhe-
515 2360 534 2404 3]
548 2360 590 2395 Adv.
603 2362 651 2395 b‘aer.
660 2360 690 2403 III,
700 2361 715 2395 3.
734 2359 784 2404 Apud
793 2361 860 2395 Euseb.

103 2417 136 2450 lius
149 2417 175 2461 (in
189 2415 328 2451 UllmauniStud.
342 2422 359 2451 et
367 2418 408 2452 Ilrit.
422 2418 472 2454 1841.
491 2419 534 2453 Hist.
547 2419 594 2453 Ecci.
607 2419 628 2461 Y,
641 2419 657 2452 6.

82 2479 86 2486 '
103 2474 151 2510 Fasc,
165 2476 177 2510 I.
190 2487 207 2521 p.
222 2475 244 2509 53
255 2476 301 2521 sqq.)
315 2480 397 2519 autumat,
409 2475 473 2510 factio·
515 2476 535 2521 4)
548 2476 591 2511 Hist.
604 2476 646 2511 eccl.
659 2475 688 2518 lll,
701 2476 723 2509 16
737 2480 754 2509 et
767 2475 795 2509 38.

104 2543 142 2566 nem
155 2534 210 2577 illam,
224 2545 268 2579 quae
282 2534 342 2568 Christi
356 2544 395 2567 esse
407 2533 473 2579 gloria·
515 2535 534 2576 5]
548 2533 582 2569 Cfr.
593 2536 661 2576 libide,
673 2533 729 2567 Praei.
739 2532 760 2567 ad
769 2534 861 2568 editionem

104 2583 480 2635 harurssCor.1,12),revixisse‚erstem
492 2593 560 2628 Codicis
572 2591 690 2634 Alexandrini,
707 2602 724 2636 p.
737 2591 765 2625 ΠΙ.
779 2594 795 2635 §.
809 2593 830 2625 15
844 2597 861 2625 et

105 2651 223 2684 auctoritatem
233 2649 361 2695 Apostolorum,
374 2652 398 2684 ita
411 2656 428 2684 et
440 2662 472 2692 nu·
491 2652 565 2696 Titbiup.
583 2649 637 2684 theol.
655 2649 794 2693 Quartalsehrilt,
809 2649 860 2683 1843.

105 2709 199 2742 ctorilalem
205 2709 351 2752 presbyterorum,
360 2710 388 2753 qui
396 2708 416 2742 ab
423 2708 473 2753 Apo·
491 2720 508 2753 p.
523 2707 562 2741 583.

105 2764 153 2801 stolis
172 2766 238 2801 sueram
255 2767 337 2810 instituti,
355 2766 441 2812 sprevisse
453 2740 484 2811 ael
