1765 2987
214 188 307 223 ΗΕ1111ῙΑΕ
319 186 410 222 PASTOR.
434 188 499 223 LIBER
512 190 524 223 Ι.
550 189 606 224 VISIO
619 189 632 223 1.
760 189 803 232 323

48 298 86 339 ¹ab
102 296 165 349 aquis.
197 296 303 349 Quumque
317 295 432 337 transissem
446 296 511 338 locum
524 297 585 350 illum,
601 296 647 338 veni
658 296 682 338 ad
693 295 804 351 planitiem,

46 373 66 410 et
77 366 162 421 genibus
172 366 313 419 positiscoepi
325 378 384 406 orare
394 365 505 419 Dominum,
523 371 542 407 et
553 367 643 417 confiteri
656 371 738 420 peccata
752 378 803 406 mea.

45 438 69 481 Et
85 440 155 477 ovante
171 448 203 476 me
218 440 308 488 apertum
329 440 359 477 est
378 436 466 488 coelum,
489 441 509 476 et
528 436 588 477 video
608 436 723 489 mulierem,
744 431 803 489 quam

45 506 211 558 concupiveram,
232 506 349 546 salutantem
369 519 401 546 me
423 506 448 547 de
464 508 557 548 coeloet
573 508 682 548 dicentem:
704 508 803 560 ,Herma

45 576 102 620 ave.“
134 575 158 615 Et
174 587 213 628 ego
229 575 361 628 prospiciens
371 576 430 628 illam,
447 576 491 617 dico
505 577 534 617 ei:
553 576 652 630 „domina
669 577 715 630 quid
726 582 747 618 tu
758 577 803 618 heic

45 645 124 688 100151ιζ
155 644 182 685 At
198 644 230 685 illa
245 645 349 698 respondit
364 647 422 687 mihi:
447 651 542 699 ,recepta
558 658 601 687 sum
617 646 668 699 huc,
685 652 706 688 ut
721 653 803 700 peccata

44 723 77 758 tua
93 728 176 769 arguam
187 702 244 768 ‘apud
261 715 385 756 Dominum.“
418 715 535 767 „Domirva,“
552 716 640 768 inquam,
659 728 720 767 „num
735 720 757 755 tu
772 729 804 757 me

45 784 149 840 01011001ιζ
164 809 166 812 v
182 784 265 837 ,Non,“
282 784 350 839 inquit.
383 784 437 838 „Sed
453 784 499 825 audi
515 785 588 838 verba,
610 797 661 838 quae
676 785 711 826 tibi
728 785 804 827 dictura

44 868 94 897 sum.
125 856 192 906 Deus,
214 856 248 907 qui
267 855 286 894 in
304 855 366 896 coelis
382 855 470 905 habitat,
492 859 512 894 et
528 852 635 895 ²condidit
654 868 680 896 ex
695 855 756 896 nihilo
774 868 804 907 ea,

45 910 96 979 quae
118 928 175 976 sunt,
199 928 218 966 et
239 924 373 982 multiplicavit
395 929 479 978 propter
502 929 591 965 sanctam
614 925 719 967 ecclesiam
741 936 803 978 suam,

44 995 136 1038 irascitur
152 996 198 1047 tibi,
222 997 314 1048 quoniam
330 996 419 1049 peccasti
434 996 454 1035 in
471 995 522 1036 mef‘
553 995 686 1048 Respondeas
706 996 750 1037 dico
773 998 803 1037 ei:

46 1066 145 1120 ,domina
161 1066 179 1106 si
194 1066 214 1106 in
229 1069 249 1105 te
266 1077 305 1120 ego
318 1066 408 1119 peccavi,
424 1065 464 1116 ubi,
481 1069 514 1104 aut
525 1077 565 1117 quo
576 1066 596 1105 in
607 1065 660 1117 loco,
678 1070 711 1106 aut
723 1066 803 1118 quando

43 1137 79 1179 tihi
94 1140 152 1190 turpe
168 1137 251 1177 verbum
268 1135 348 1189 aliquod
363 1136 442 1177 locutus
454 1135 515 1175 sum?
540 1135 613 1175 Nonne
623 1140 736 1188 semper'te
747 1136 805 1188 quasi

44 1207 143 1249 dominam
159 1207 266 1247 arbitratus
282 1206 342 1246 sum?
372 1206 445 1246 Nonne
459 1217 539 1258 semper
554 1209 573 1245 te
584 1206 685 1246 reveritus
696 1217 740 1245 sum
750 1206 805 1246 velut

45 1272 154 1319 sororem?
181 1275 233 1324 Quid
248 1276 268 1315 in
277 1285 312 1317 me
324 1274 481 1316 comminisceris
492 1273 543 1315 haec
553 1279 592 1315 tam
604 1274 702 1315 nefanda?
711 1274 729 1307 “-
748 1276 805 1316 Tunc

44 1348 76 1388 illa
98 1346 190 1387 arridens
210 1345 257 1385 mibi
277 1345 314 1385 ait:
338 1345 376 1396 ,in
393 1333 460 1386 corde
480 1349 515 1386 tuo
537 1344 627 1386 ascendit
642 1347 804 1400 concupiscentia

44 1417 152 1470 nequitiae.
183 1416 215 1457 An
231 1428 272 1456 non
288 1415 368 1456 videtur
384 1415 429 1465 tibi,
451 1415 495 1455 viro
514 1416 569 1469 justo
590 1428 633 1456 rom
648 1416 735 1468 iniquam
752 1428 805 1468 esse,

44 1488 62 1528 si
77 1486 191 1527 ascenderit
206 1486 226 1525 in
243 1485 305 1527 corde
325 1485 376 1526 mala
399 1486 579 1539 concupiscentia?
608 1487 714 1527 Peccatum
733 1491 764 1527 est
779 1488 804 1540 ei,

19 1558 21 1561 ’
45 1562 65 1599 et
85 1557 165 1610 quidem
187 1556 270 1611 grande.
301 1556 369 1597 Justus
391 1556 443 1597 enim
464 1556 498 1596 vir.
515 1556 568 1610 justa
586 1557 667 1610 cogitat.
698 1556 804 1610 Cogitante

44 1640 95 1682 ergo
111 1627 152 1679 illo,
168 1639 220 1680 quae
233 1626 287 1679 justa
304 1631 356 1678 sunt,
373 1631 392 1667 et
407 1631 464 1667 reete
480 1637 505 1666 eo
516 1626 629 1678 incedente,
645 1627 665 1667 in
679 1627 741 1668 coelis
751 1639 804 1680 prc-

44 1699 113 1751 pitium
136 1697 216 1737 habebit
239 1696 345 1738 Dominum
368 1697 465 1737 inomni
487 1694 570 1751 negotio
594 1708 637 1737 suo.
677 1697 715 1744 Qui
738 1701 803 1737 autem

43 1767 130 1808 nefanda
139 1767 228 1820 cogitant
236 1766 256 1806 in
266 1766 361 1807 cordibus
370 1767 418 1818 suis,
429 1771 514 1807 mortem
523 1770 543 1807 et
551 1767 683 1821 captivitatem
691 1771 793 1809 assumunt
797 1781 803 1817 3

45 1838 131 1878 maxime
141 1837 161 1888 ii,
178 1836 212 1889 qui
223 1836 312 1877 seculum
323 1837 363 1877 1100
374 1837 464 1891 diligunt,
480 1840 500 1876 et
515 1837 627 1892 gloriantur
639 1838 660 1877 in
671 1836 744 1878 divitiis
755 1838 803 1889 suis,

44 1911 64 1948 et
75 1907 108 1960 qui
120 1919 161 1947 non
173 1910 291 1959 exspectant
299 1905 365 1947 futura
374 1907 439 1948 bona:
451 1912 560 1948 vacuantur
569 1908 646 1948 animae
657 1919 732 1948 eorum.
748 1907 804 1949 llaec

45 1981 110 2018 autem
126 1977 201 2017 faciunt
217 1974 295 2028 ³dubii,
311 1979 401 2030 quinon
417 1976 490 2017 habent
504 1989 560 2030 spem
574 1978 594 2017 in
606 1977 699 2029 Domino,
716 1981 735 2017 et
751 1988 803 2017 con-

43 2050 134 2087 temnunt
150 2050 170 2086 et
185 2045 292 2100 negligunt
307 2047 367 2088 vitam
383 2058 445 2087 suam.
476 2046 516 2089 Sed
532 2051 553 2086 tu
570 2059 606 2087 ora
621 2046 768 2098 adDominum,
784 2050 804 2087 et

44 2117 121 2157 sanabit
132 2121 213 2170 peccata
225 2120 263 2168 tua,
275 2118 376 2168 totiusque
388 2116 458 2156 domus
470 2120 521 2168 tuae,
538 2119 558 2156 et
568 2117 655 2157 omnium
667 2115 802 2157 sauctorum.“

100 2185 123 2227 ll.
148 2185 254 2238 Postquam
266 2189 331 2226 autem
341 2185 408 2226 locuta
419 2190 450 2226 est
461 2185 523 2226 verba
534 2185 590 2239 haee,
607 2185 671 2227 clausi
686 2190 732 2227 sunt
745 2187 803 2228 coeli.

43 2255 67 2297 Et
84 2268 124 2310 ego
141 2259 194 2296 totus
210 2267 265 2296 eram
280 2255 300 2295 in
316 2267 411 2297 moerore
426 2259 446 2295 et
462 2259 526 2308 metu,
549 2259 569 2296 et
589 2256 678 2297 dicebam
694 2256 803 2297 intra‘me:

44 2327 75 2378 „si
90 2326 130 2367 1100
145 2325 192 2366 mihi
207 2329 310 2379 peccatum
323 2325 449 2378 adscribitur,
465 2339 505 2379 0110
516 2326 575 2368 modo
587 2331 658 2380 potero
671 2326 738 2367 salvus
749 2339 802 2379 esse,

43 2401 132 2449 aut-*quo
148 2396 209 2437 modo
226 2397 316 2438 exorabo
333 2396 439 2437 Dominum
459 2408 496 2450 pro
517 2397 606 2450 peccatis
627 2397 676 2437 meis
696 2395 802 2437 abundan-

44 2466 141 2507 tissimis?
173 2466 249 2515 Quibus
270 2467 338 2508 verbis
358 2467 436 2522 rogabo
457 2467 575 2519 Dominum,
596 2471 618 2507 ut
640 2466 686 2506 mihi
705 2466 802 2519 propitius

43 2536 98 2577 sit?“
130 2537 185 2577 llaec
199 2549 231 2576 me
246 2538 372 2592 recogitante
388 2542 408 2578 et
424 2536 551 2578 discernente
563 2537 583 2576 in
597 2537 658 2577 corde
672 2548 725 2587 meo,
741 2535 802 2576 video

69 2640 86 2682 l)
99 2639 111 2674 l.
126 2652 141 2675 e.
154 2646 227 2686 propter
239 2652 301 2686 cqrrus.
432 2639 489 2673 laudat
503 2641 587 2685 Oripcucc
602 2638 649 2673 Tom.
658 2638 674 2673 Ι,Ἰ
683 2645 774 2673 comment.
785 2639 804 2672 in

67 2698 87 2743 2)
101 2698 168 2732 Creatio
186 2709 207 2732 ex
223 2698 276 2731 nihilo
289 2698 333 2731 inira
346 2709 414 2743 quoque
432 2697 492 2732 toann,
506 2698 519 2740 l,
535 2698 550 2730 l.
565 2698 583 2731 Τ.
597 2698 613 2730 2.
625 2709 642 2741 p.
657 2696 684 2730 tt.
698 2698 725 2731 ed.
739 2696 791 2732 Huet.

44 2755 115 2790 docetur
122 2756 145 2791 d.
157 2756 177 2789 ll.
192 2755 248 2792 bland.
259 2756 272 2791 Ι.
296 2756 345 2791 Hunc
357 2756 413 2790 locum
456 2755 475 2801 3)
487 2757 567 2801 Alpogon
592 2756 626 2791 cfr.
640 2755 684 2789 inira
697 2756 731 2790 llis.
744 2755 773 2799 lll,
787 2757 803 2789 4.

614 2814 662 2859 aaa
