1765 2987
239 149 347 185 Eptstohh
359 150 389 185 Ab
402 151 539 189 blandarum.
553 154 579 188 vt.
594 153 629 188 vu.
772 157 814 199 309

45 261 203 312 ‘exspectantes
237 256 336 313 ¹Anima,
358 259 424 313 quoad
445 263 509 304 cibmn
530 268 550 305 et
570 267 638 317 potum
658 264 709 305 male
725 268 815 316 tractata,

55 329 126 370 melior
146 328 178 379 fit;
201 333 220 368 et
240 328 356 380 Christiani,
378 331 478 383 suppliciis
499 333 577 385 affecti,
599 327 688 386 quotidie
711 332 816 386 ²numero

55 402 154 439 crescunt.
185 398 233 438 Tam
248 398 348 453 insignem
363 398 407 440 iilos
423 400 478 442 Deus
495 407 565 444 tenere
580 403 645 444 locum
662 404 736 456 voluit,
754 416 814 457 quem

54 469 92 510 iliis
108 466 165 508 nefas
182 472 213 508 est
229 468 333 522 defugere.

53 597 92 640 VII.
122 597 206 649 Relipio
223 590 342 637 christiana
357 609 371 637 u
385 597 430 639 Deo
446 598 554 652 insutum,
576 602 612 654 qui
627 614 670 642 uon
685 598 812 654 creaturam,

159 667 197 716 sed
209 667 321 719 proprium
335 668 401 719 filicem
418 669 480 709 irrisit.
511 670 604 711 Perusia
621 670 706 712 Christi.

113 746 177 789 ³Non
193 749 246 789 enim
262 752 375 799 terrenum,
391 754 413 789 ut
428 750 475 801 dixi,
494 750 595 792 inventum
612 752 651 792 hoc
666 752 704 792 illis
721 753 814 793 traditum

4 816 6 819 ’
53 824 95 871 est,
118 831 185 872 neque
207 818 311 859 mortalem
332 819 475 872 cogitationem
495 823 647 861 iamaccurate
663 821 814 862 custodiendam

53 890 91 932 sibi
112 893 207 939 censent,
231 901 298 941 neque
320 888 450 929 {cumanorum
472 891 613 943 mysteriorum
635 892 753 933 oeconomia
775 891 813 932 iliis

48 961 159 1002 commissa
175 963 217 1010 est3
233 958 269 999 sed
284 958 328 1011 ipse
343 955 410 1000 4vere
422 960 548 1014 curcipotens
560 960 621 1013 Deus,
637 963 723 1003 omnium
734 966 813 1003 creator

53 1035 72 1072 et
88 1030 204 1080 invisibilis,
221 1042 232 1069 e
249 1028 311 1069 coelis
328 1030 431 1069 ueritatem
448 1034 467 1070 et
483 1031 570 1072 Verbum
585 1037 675 1073 sanctum
694 1045 717 1073 ac
733 1034 813 1074 iucom-

52 1100 188 1157 prehensibiie
199 1100 251 1141 inter
263 1099 354 1141 homines
372 1097 467 1152 ⁵locavit,
484 1105 504 1141 et
519 1102 539 1141 in
551 1102 645 1143 cordibus
657 1114 726 1143 eorum
737 1103 812 1143 firmam

51 1171 127 1213 habere
151 1169 220 1211 sedem
242 1170 318 1220 voluit;
343 1183 395 1223 non,
422 1172 587 1225 quemadmodum
613 1174 684 1226 aliquis
709 1175 812 1227 conjicere

51 1243 127 1297 possit,
144 1241 257 1282 hominibus
273 1241 383 1281 ministrum
399 1242 484 1295 aliquem
500 1243 593 1293 mittens,
610 1248 643 1283 aut
659 1244 763 1297 angelum,
779 1248 813 1283 ant

52 1313 170 1367 principem,
187 1311 322 1363 autaliquem
339 1322 415 1364 eorum,
432 1313 465 1365 qui
480 1316 561 1352 terrena
577 1312 696 1366 gubernant,
712 1314 812 1366 quibusve

12 1396 13 1399 ¹
52 1385 158 1424 commissa
175 1386 205 1422 est
221 1394 268 1421 cura
282 1394 349 1421 rerum
364 1383 383 1421 iu
398 1383 461 1423 coelis
476 1382 686 1433 administrandarum
702 1383 737 1423 sed
749 1384 813 1435 ipsum

53 1452 143 1506 opificem
160 1456 181 1492 et
196 1456 309 1492 creatorem
325 1452 424 1502 omnium,
445 1458 483 1505 per
498 1464 557 1504 quem
574 1452 644 1492 coetos
660 1452 760 1503 condidit,
776 1464 813 1505 per

56 1536 113 1576 quem
130 1534 185 1563 mare
201 1522 242 1563 suis
258 1522 347 1562 terminis
363 1522 460 1563 conclusit
465 1535 471 1572 3
489 1523 545 1575 cujus
562 1518 672 1576 6mysteria
688 1521 773 1562 fideliter
788 1522 813 1563 ab

56 1594 146 1635 omnihus
164 1584 241 1633 ⁷nstris
258 1592 391 1633 observantur
396 1606 403 1641 ;
424 1605 435 1637 a
451 1605 490 1645 quo
507 1588 557 1632 8sol
573 1604 677 1633 mensuras
697 1592 814 1633 diurnorum

56 1676 149 1705 cursuum
165 1662 301 1704 observandas
317 1661 404 1715 accepit;
421 1662 452 1701 cui
462 1666 519 1714 paret
529 1662 582 1712 luna,
596 1662 675 1715 jubenti
690 1674 733 1702 eam
744 1662 813 1702 lucere
832 1668 834 1673 '

55 1735 121 1784 nocti3
145 1734 176 1774 cui
192 1737 245 1773 astra
261 1732 410 1786 obtemporant,
430 1732 489 1773 trinae
506 1724 586 1774 cursum
602 1734 716 1786 sequentia;
739 1745 750 1773 a
773 1745 812 1785 quo

55 1805 120 1846 omnia
142 1803 237 1856 disposita
258 1806 316 1854 sunt,
337 1807 356 1842 et
377 1803 418 1843 suis
438 1803 531 1843 limitibus
551 1803 712 1855 circumscripta,
734 1799 812 1855 ⁹eique

55 1875 144 1917 subdita:
167 1872 356 1926 coelietquaein
373 1873 507 1924 coelissunt,
530 1877 583 1913 terra
606 1877 626 1913 et
647 1884 698 1925 quae
717 1872 738 1912 in
758 1877 813 1912 terra

53 1949 111 1995 sunt,
128 1956 182 1984 mare
198 1947 217 1983 et
233 1944 319 1996 quaein
336 1944 397 1995 mari,
413 1944 477 1996 ignis,
493 1947 535 1994 ae'r,
552 1943 643 1996 abyssus,
662 1955 712 1995 [pirae
728 1944 748 1982 in
765 1943 812 1983 alti-

53 2015 129 2067 tudine,
145 2014 231 2067 quaein
247 2012 360 2066 profundis,
377 2025 469 2066 quaeque
483 2014 501 2053 in
517 2013 583 2053 medio
598 2013 663 2053 locata
677 2016 729 2053 sunt.
754 2012 813 2053 Hunc

54 2084 79 2126 ad
98 2096 135 2126 eos
155 2084 213 2125 misit.
243 2083 305 2135 Num,
328 2086 349 2124 ut
368 2084 471 2136 quisquam
494 2083 584 2138 cogitare
603 2083 680 2137 possit,
702 2082 812 2137 tyrannidis

53 2258 118 2305 grapho
132 2257 202 2292 Beureri
220 2262 237 2291 et
250 2257 267 2291 in
280 2256 341 2291 codice
354 2256 423 2301 Argen·
443 2268 478 2291 cos.
504 2257 538 2292 ctr.
557 2257 634 2292 ruat-ana
650 2257 708 2291 adnot.
727 2256 748 2290 ad
767 2255 811 2290 Libr.

53 2318 140 2363 toratensi.
159 2316 218 2351 Codex
226 2315 308 2360 Stephani
319 2315 364 2349 maie
372 2315 425 2349 habet
442 2318 533 2360 Theophtt.
546 2315 567 2348 ad
580 2314 636 2348 hutoi.
650 2315 667 2357 I,
680 2315 696 2347 4.
713 2314 757 2347 Nota
771 2315 781 2347 f.
795 2319 813 2347 et

53 2376 138 2421 ἐνίδρυται.
444 2375 524 2408 Gultuud.
537 2372 581 2407 Bibl.
595 2372 612 2405 T.
626 2371 646 2406 II.
659 2384 675 2417 p.
690 2371 728 2405 160.
740 2371 780 2404 Not.
793 2372 811 2405 b.

77 2438 95 2478 6)
108 2434 209 2480 Leleges,
219 2432 424 2481 quibusbtireatorrerum
466 2431 484 2473 8]
499 2432 600 2465 Addendnm
614 2442 652 2465 esse
664 2429 712 2473 ἣλιος,
723 2430 759 2473 jam
769 2430 812 2464 uidit

53 2501 129 2529 naturam
139 2493 243 2535 moderatur,
249 2483 330 2541 {quaeque
338 2491 424 2525 hominum
442 2491 543 2535 Stephanus.

53 2554 158 2593 intellectum
171 2552 229 2585 latent.
249 2552 315 2584 Burni.
466 2549 484 2590 9)
498 2548 546 2583 Hanc
557 2548 654 2582 versionem
667 2547 755 2590 impugnat
765 2546 811 2591 utro,

78 2613 97 2657 7)
110 2612 190 2654 Στοιχεῖα
205 2623 228 2642 z
245 2615 306 2654 astra,
323 2609 423 2654 praesertim
441 2613 519 2641 vertens:
531 2605 811 2652 upuoffleo)butrriuibucuub-

54 2672 145 2707 dacudecim
157 2671 210 2715 cipue
221 2669 307 2712 chiuci,
326 2668 343 2701 ut
356 2668 424 2712 saepius
438 2668 488 2710 jectu
504 2672 548 2701 sarrit
563 2665 629 2707 omnia,
647 2663 691 2697 coeli
708 2668 724 2696 et
737 2674 781 2710 quae
794 2665 812 2698 in

54 2729 99 2773 apud
112 2728 180 2771 Patres,
193 2733 227 2761 tum
240 2726 312 2769 latinos,
325 2732 359 2760 tum
371 2737 422 2772 grae·
430 2718 432 2769 ,¹
441 2724 494 2759 coelis
508 2729 541 2757 ete.
