1765 2987
59 155 61 157 ’
73 161 90 199 ε.
103 158 240 205 corrosuri]
366 158 537 209 rnouueouuun.
760 161 832 197 tmrxv

131 268 170 310 Vll.
192 269 301 323 Epistolam
316 268 415 310 ecclesiae
426 268 553 324 Smyrnensis
567 271 642 326 primus
653 282 729 326 graece
741 273 760 310 et
770 269 832 311 latine

72 337 122 393 (sed
144 351 219 393 graece
240 352 280 397 non
301 337 411 393 integram)
433 340 494 381 edidit
512 343 586 383 Petrus
601 342 725 383 Hnllolclus
745 341 764 381 in
787 341 831 381 vitis

71 410 151 450 Patrum
163 409 254 450 oriental.
266 410 287 450 T.
299 409 312 449 Ι.
324 408 349 464 ¹).
375 410 475 463 integram
490 416 555 452 autem
573 425 615 453 eam
631 425 683 454 anno
701 409 758 454 1647
773 411 831 451 Lon-

72 479 113 519 dini
129 492 155 520 ex
171 478 286 534 lllenologio
302 491 377 532 graeco
393 473 538 522 assenaco.
555 482 657 535 evulgavit
672 483 774 535 Usserius,
789 482 830 523 Pa-

69 549 123 590 risiis
140 549 257 590 Cotelerius.
288 549 377 590 Eandem
394 550 465 592 deinde
481 550 537 592 Actis
551 551 659 604 illartyrum
675 552 759 592 sinceris
775 551 829 592 Rul-

69 625 145 661 nortus
165 619 261 672 intexuit,
283 623 302 660 cl
317 620 417 661 Srnltlalns
434 621 516 663 editioni
531 621 581 674 Epp.
598 621 668 674 Ignatii
691 626 711 661 et
725 621 830 675 Polycarpi

69 690 144 731 addidit
161 688 222 731 lTOll.
255 683 357 732 Smithium
379 694 459 731 secutus
482 695 512 731 est
533 691 666 732 Gallnnrllus.
696 691 830 731 Nouissimam

69 764 89 801 et
105 759 271 814 elegantissimam
288 759 396 800 editionem
414 758 480 813 1838,
498 759 555 802 1840
571 766 591 801 et
608 759 663 803 1847
681 759 754 802 Oxonii
770 760 830 802 evul-

27 827 28 830 ’
68 831 123 886 gavit
145 831 377 881 Jacotsoaus‚.11·itus
401 831 513 884 codicibus,
537 831 672 883 Barocdano,
695 830 785 871 Parisino
809 834 829 870 et

69 901 338 943 Caesareo-Vindobonensi
354 912 408 941 usus.

126 971 173 1012 Vlll.
198 972 228 1013 De
244 972 343 1013 doctrino
358 971 417 1026 lrujus
433 971 531 1026 epistolae
547 970 582 1012 cir.
593 970 690 1025 Lmnper,
707 972 752 1012 hist.
767 971 828 1012 theol.

67 1042 109 1084 crit.
126 1043 148 1083 T.
162 1041 183 1082 ll.
200 1054 218 1095 p.
235 1039 364 1091 453-4595
379 1043 465 1094 llldlrler,
481 1043 581 1096 Patrolog.
599 1043 620 1084 T.
636 1043 649 1083 l.
665 1055 684 1096 p.
703 1040 744 1084 158
749 1055 756 1092 5
776 1043 827 1083 Per-

66 1112 172 1162 muneder,
188 1112 260 1153 Patrol.
276 1112 369 1164 specialis
386 1113 407 1153 T.
424 1112 437 1152 l.
454 1125 472 1166 p.
490 1109 523 1154 69.

124 1182 156 1222 IX.
180 1181 282 1222 Addamus
298 1181 391 1234 denique,
408 1194 460 1234 quae
473 1182 559 1223 Tlrr'rmas
574 1181 674 1234 Smitlrius,
690 1183 746 1224 testis
763 1176 826 1225 odad-

66 1264 134 1305 πτης)
157 1250 182 1290 de
198 1251 316 1304 smyrnensi
335 1251 491 1303 amphitheatro,
515 1263 554 1303 [1¹¹0
571 1252 590 1293 S.
606 1252 729 1305 Polycarpus
749 1258 826 1306 martyr

65 1321 168 1375 gloriosus
184 1321 238 1372 obiit,
255 1321 320 1373 deque
337 1320 380 1373 ejus
396 1321 491 1372 sepulcro
509 1325 588 1361 enarrat
604 1321 634 1360 his
650 1321 718 1362 verbis
729 1319 762 1376 ²):
781 1321 825 1373 „Ad

65 1391 135 1442 latera,
150 1390 220 1444 inquit,
237 1391 318 1431 alterius
335 1396 406 1443 portae
419 1391 478 1442 arcis,
495 1402 546 1443 quae
558 1390 583 1430 ad
595 1389 696 1431 Orientem
709 1395 745 1442 est,
762 1392 827 1432 adhuc

66 1461 158 1501 visuntur
173 1460 225 1501 duae
241 1461 325 1512 aquilae,
341 1460 477 1502 Romanorum
491 1461 582 1514 iusignia,
598 1461 733 1514 largiusculae
744 1465 764 1501 et
774 1462 826 1502 belle

66 1530 146 1583 quidem
162 1529 279 1570 delineatae.
310 1530 360 1571 Hinc
375 1532 427 1572 inter
444 1529 618 1582 descendendum,
640 1530 725 1584 amplum
747 1532 826 1585 amphi-

65 1601 163 1640 theatrum
180 1600 203 1639 ad
215 1600 367 1652 Notapeliotom,
385 1612 424 1653 quo
436 1589 455 1641 S.
466 1600 589 1654 Polycarpus
606 1601 700 1655 martyrio
717 1606 825 1642 coronatus

66 1673 107 1720 cst,
129 1669 256 1721 intravimus,
278 1669 374 1723 gradibus
395 1670 462 1709 saxeis
483 1671 580 1711 aTurcis
602 1670 626 1710 ad
648 1671 749 1711 ornandas
765 1671 825 1712 aedes

36 1791 39 1794 Δ
64 1739 118 1779 illinc
133 1738 220 1779 sublatis.
247 1739 268 1779 In
284 1739 340 1792 cujus
356 1738 451 1780 lateribus
468 1739 519 1780 duae
534 1752 641 1792 cavernae,
657 1741 729 1793 quilius
741 1741 824 1782 clande-

64 1809 137 1849 bantur
151 1808 229 1859 leones,
245 1809 283 1849 sibi
293 1809 378 1849 invicem
390 1813 523 1861 opponuntur.
549 1808 667 1862 Sepulcrum
679 1810 698 1851 S.
710 1810 823 1864 Polycarpi‚

65 1878 117 1931 quod
132 1878 153 1918 in
169 1878 232 1919 latere
248 1878 320 1918 montis
336 1877 433 1918 adversus
445 1878 589 1920 Euroaustrum
606 1878 670 1920 adhuc
685 1885 823 1932 conservatur,

65 1949 135 1990 Graeci
152 1948 184 1989 die
200 1948 265 2000 festo,
287 1950 349 2002 ipsius
365 1950 474 1989 memoriae
494 1952 624 1999 consecrato,
645 1961 682 2001 pro
699 1961 768 1999 more,
791 1949 824 2002 qui

64 2018 116 2071 apud
132 2019 187 2071 ipsos
204 2018 292 2069 obtinet,
314 2019 431 2060 solemniter
452 2019 546 2059 invisunt.
579 2018 640 2060 Situm
657 2020 723 2059 estin
740 2020 824 2071 quadam

64 2088 160 2139 aedicula,
177 2088 340 2130 ecetesiaetoue
351 2089 431 2140 sacello,
448 2090 487 2139 alii,
503 2100 609 2142 perquam
621 2088 668 2128 illuc
679 2088 824 2129 transeundum

64 2163 101 2210 est,
117 2159 217 2212 contigua.
243 2158 264 2199 ln
281 2158 320 2199 lroc
335 2145 464 2200 monumento
481 2158 618 2209 instaurando,
634 2159 651 2198 si
666 2159 689 2198 aa
703 2160 823 2211 impressio-

63 2229 122 2269 nibus
137 2229 209 2279 aeriis,
231 2229 248 2268 si
264 2241 275 2268 a
291 2228 373 2279 Turris,
395 2230 412 2269 si
433 2242 443 2269 a
461 2229 577 2270 Christianis
599 2228 768 2280 occidentalibus,
790 2230 824 2282 qui
874 2246 876 2250 ·

62 2297 174 2352 fragmenta
189 2298 293 2339 marmoris
310 2300 367 2352 quasi
383 2299 522 2352 tot-reliquias
539 2298 613 2339 exinde
629 2298 712 2351 tollunt,
733 2298 823 2340 laedatur

62 2362 224 2422 temereturque;
247 2369 351 2411 laudabilis
375 2371 452 2411 illorum
477 2370 587 2410 collocatur
609 2380 684 2421 opera,
708 2370 747 2410 olla
768 2370 822 2410 fictili

62 2451 144 2493 quoque
159 2438 198 2480 illic
214 2440 317 2493 apposita,
335 2441 359 2480 ‘in
376 2453 434 2494 quam
451 2440 535 2494 quisque
552 2438 596 2479 lere
616 2451 665 2492 prae
683 2440 821 2493 veneratione,

62 2521 101 2562 qua
117 2523 166 2564 erga
181 2505 219 2551 eda
233 2503 425 2569 Meyullopclpcupu
440 2523 477 2565 pro
494 2509 572 2550 Christo
588 2510 662 2550 invicta
678 2510 737 2550 animi
758 2524 820 2564 prae-

85 2610 104 2657 t)
117 2611 166 2645 Duae
174 2618 240 2648 exstant
249 2614 337 2649 versiones
346 2615 430 2661 antiquae,
473 2614 492 2659 2)
506 2614 557 2648 Notit.
566 2619 610 2658 sept.
621 2613 672 2646 ustae
681 2612 744 2646 eccles.
754 2624 770 2658 p.
780 2614 820 2648 tfld.

61 2681 132 2715 quarum
152 2671 205 2705 altera
226 2676 347 2719 ntetaplaruaie
367 2676 430 2719 potius,
450 2673 490 2707 edit.
500 2672 554 2706 Oxou.
565 2672 615 2706 1672.
633 2673 717 2716 Lunrper.
730 2672 741 2706 l.
749 2683 764 2707 c.
773 2674 792 2707 Τ.
800 2674 820 2709 ll.

61 2739 111 2774 quam
123 2731 184 2765 ceroto
197 2735 228 2764 est.
449 2743 466 2776 p.
479 2732 519 2765 461.
