1789 2987
92 211 135 256 358
228 213 322 248 HERlilAE
335 212 425 249 PASTOR,
450 214 515 251 LIBER
528 216 548 251 ll.
573 215 711 251 plancturi.

92 316 125 368 εἰς
139 316 176 376 νῆν
191 317 280 378 καρδίαν
295 332 333 362 σον
344 313 416 378 ἀναβῇ,
432 318 463 376 γί-
482 329 533 377 tate,
550 324 659 374 devenir,
676 322 702 364 de
718 323 814 368 charitate
831 332 851 369 et

91 401 163 441 νωσνε,
176 383 463 447 ὅνιὸἀγγελαςνῆςάικαιο-
483 394 507 435 dc
522 396 601 448 pietate.
633 393 688 435 Haec
709 396 774 437 omnia
790 409 850 450 quum

92 458 156 520 σνίνρς
170 459 225 514 perd
240 461 281 504 σοῦ
294 460 361 505 ἐστιν·
380 455 463 516 Ινοιίνω
482 464 611 507 ascenderint
625 463 646 505 in
662 468 773 518 cortuum,
791 467 850 519 scito,

93 520 129 572 οάν
140 527 228 574 πίσνενε
239 530 332 581 καὶτοῖς
343 527 413 588 ἔργοις
423 525 462 574 ud-
482 534 535 587 qued
543 534 617 577 Genius
624 535 728 588 aequitatis
734 540 800 577 tecum
807 542 849 588 est3

92 599 136 652 cod,
152 598 186 644 καί
202 600 303 660 ἐγκρατής
318 600 384 645 αὐτοῦ
396 605 462 658 γενοῦ.
483 602 488 629 ¹
498 603 545 646 huic
554 618 604 661 erge
611 604 674 647 Genio
683 605 744 647 crede
753 610 772 647 et
780 608 851 661 operi-

94 667 147 729 Ὅρα
162 668 200 715 οὖν
216 672 309 716 καὶτοῦ
324 669 412 729 ἀγγέλου
426 676 463 729 τῆς
481 675 518 716 bus
535 677 585 730 ejus.
611 675 687 729 Accipe
698 689 752 718 nune
763 681 783 717 et
794 676 851 719 Genii

91 741 197 801 πονηρίας
206 739 234 785 νά
242 740 303 803 ἔργα·
313 743 401 802 πρῶτον
407 737 462 786 πάν-
481 745 590 799 iniquitatis
603 758 671 799 cpcra.
698 747 784 789 Primum
794 760 851 789 arna-

92 827 135 855 νων
155 808 256 868 ὀξύχολος
276 813 321 857 ε’σνι
339 812 373 856 καί
388 813 464 873 πικρός
481 827 528 869 rus,
549 816 657 858 iracundus
673 821 693 857 et
708 817 792 859 stolidus
809 822 850 870 est;

92 881 127 925 καὶ
143 883 225 941 ἄφρων,
242 883 277 927 καὶ
292 884 320 928 cd
335 881 387 943 ἔργα
399 880 464 927 αὐτοῦ
483 891 503 926 et
522 898 584 939 opera
600 887 652 928 illius
667 888 782 941 perniciosa
798 892 850 942 sunt,

91 949 177 1011 πονρρά
205 954 382 1013 καναονρὲφοννα
410 952 463 1004 σονς
482 960 502 996 et
518 961 611 998 evertunt
626 969 698 999 servos
717 958 759 1000 Dei.
786 959 851 1008 Quum

91 1020 181 1072 δούλους
191 1028 230 1067 νοῦ
242 1025 302 1067 Θεοῦ.
324 1020 387 1067 Ὅταν
398 1020 463 1073 αάνάς
482 1037 532 1079 ergo
553 1027 573 1067 in
592 1038 628 1067 cer
647 1031 702 1068 tuum
723 1028 851 1070 ascenderint

91 1091 129 1136 ἐπὶ
153 1091 190 1152 τήν
212 1094 302 1153 καρίίαν
325 1109 364 1138 σον
387 1091 462 1151 ἀναβῇ,
481 1094 537 1148 llaec,
548 1096 649 1151 intelliges
661 1097 685 1138 ab
696 1098 790 1151 operibus
800 1099 851 1154 ejus,

91 1166 160 1221 γνιῦθι
169 1159 235 1208 cedite
246 1165 283 1209 ἐπὶ
294 1166 337 1208 πᾶν
348 1161 414 1223 ἔργων
425 1163 462 1206 uti-
480 1166 533 1207 hunc
554 1179 600 1208 esse
616 1166 700 1209 Genium
721 1169 849 1222 iniquitatis.“

91 1235 135 1277 τοῦ.
153 1261 178 1267 -
196 1236 249 1285 Παῖς
267 1231 326 1295 κίριε
341 1231 410 1292 νοήσω
426 1233 462 1277 αὐ-
480 1235 505 1278 Et
521 1236 561 1278 dixi
577 1238 607 1278 ei:
625 1239 747 1292 „qucrncdu
764 1239 849 1294 demine,

92 1303 142 1359 ede
158 1331 186 1336 -
201 1305 279 1363 Λέγει·
301 1301 365 1348 dions
384 1305 462 1348 λεπνο-
480 1306 620 1362 intelligaml“
638 1308 724 1361 „Audiff
736 1310 804 1364 iuquit,
817 1316 851 1364 „et

92 1376 162 1434 γιεριῦς
184 1375 218 1418 καὶ
242 1372 372 1435 [προσεχής]
393 1374 462 1433 γίνον·
481 1377 578 1431 intellige.
610 1378 674 1427 Ouum
692 1379 796 1423 iracundia
815 1382 851 1423 tihi

93 1442 145 1489 ὁίαν
156 1441 257 1500 ἀξοχολία
268 1444 432 1504 σοίνιςπροσὲλ
451 1464 464 1505 ,γ
482 1449 601 1502 accesserit,
622 1453 655 1490 aut
671 1450 794 1504 amaritudo,
815 1452 850 1493 in-

92 1511 105 1574 i}
119 1515 205 1576 πικρία,
225 1516 321 1574 γίνωσκε,
344 1512 377 1558 ὅσα
399 1514 463 1566 αὐτός
481 1518 556 1572 teldge,
572 1520 653 1560 eumin
669 1524 689 1560 te
701 1532 761 1572 esse3
778 1521 850 1564 deinde

92 1586 151 1630 ἐστιν
165 1586 187 1630 ἐν
203 1587 249 1630 σοι’·
265 1582 311 1630 εἶτα
324 1583 402 1629 λοιπον
413 1585 462 1630 ε’πι-
480 1588 577 1640 cupiditas
597 1589 703 1630 multorum
724 1603 808 1646 operum
829 1598 849 1635 et

91 1655 170 1712 θαμίαι
189 1655 290 1716 πράξεων
309 1657 405 1709 πολλῶν,
427 1656 462 1700 καί
481 1659 599 1711 cplirncrurn
618 1659 708 1700 ciborurn
724 1666 744 1702 et
759 1662 848 1705 ebrieta-

90 1726 218 1771 πολυτέλεια
229 1722 462 1786 ἐδεσμάνωνκαὶκραι-
479 1732 532 1781 tnui,
556 1733 576 1770 et
591 1731 704 1783 appetentia
725 1729 848 1774 ²multaiurn

91 1799 165 1841 πολῶν
185 1799 281 1851 πολλῶν,
303 1799 339 1842 καί
358 1798 461 1842 ποικίλαν
479 1811 547 1840 reruni
558 1800 673 1852 alienarum,
691 1805 710 1841 et
724 1803 818 1856 superbia
830 1808 849 1844 ct

90 1870 190 1928 τροφῶν,
212 1868 247 1911 καὶ
263 1868 288 1912 οὐ
304 1866 406 1922 δεόντων,
426 1869 462 1913 καὶ
480 1869 602 1922 multiloquia
618 1875 638 1911 et
648 1871 734 1924 ambitio,
751 1877 772 1913 et
783 1886 849 1926 quac-

90 1936 208 1994 ἐπιθυμίαι
219 1939 341 1996 2γνναικάν,
352 1939 388 1984 καί
397 1941 461 1984 πλεο
480 1951 566 1992 cumque
583 1940 607 1981 iis
622 1940 692 1983 similia
709 1946 761 1984 suut.
794 1943 849 1985 Haec

89 2007 161 2062 γεξίαγ,
177 2004 312 2069 ὑπερηφανία
326 2027 350 2054 νε
365 2010 400 2054 καὶ
410 2010 461 2054 ἀλα.
479 2022 529 2065 crgo
546 2023 606 2063 quurn
621 2011 642 2051 in
657 2023 693 2052 cor
706 2016 761 2053 tuum
774 2024 848 2054 ascen-

90 2078 164 2132 ζρνεία,
180 2079 215 2122 καὶ
232 2077 273 2125 ὅσα
287 2078 374 2132 τούτοις
389 2097 460 2141 ηιρσ-
479 2080 549 2133 derint,
565 2080 661 2136 intellige,
677 2081 760 2124 Genium
772 2084 848 2138 iniqui-

90 2144 177 2207 πλήσια.
211 2156 283 2194 Taum
305 2150 341 2196 οὖν
357 2148 408 2195 ὅταν
423 2151 460 2196 ἐπὶ
478 2150 522 2191 tatis
548 2155 614 2192 tecum
635 2148 692 2194 csse.
740 2154 770 2209 Το
797 2167 847 2210 erge

89 2218 126 2277 ep
136 2218 225 2278 καρδίαν
235 2222 276 2264 σοῦ
284 2220 358 2280 ἀναβῇ,
369 2221 459 2279 γίνωσκε,
478 2233 538 2273 quun
560 2224 682 2277 cognoveris
703 2235 765 2277 opera
788 2224 847 2277 illius,

90 2288 125 2333 ὅνι
140 2284 228 2346 ἀγγελος
240 2292 278 2348 τῆς
288 2291 393 2349 πονηρίας
404 2291 460 2336 ἐστίν
477 2291 552 2332 recede
568 2294 591 2333 alt
603 2293 641 2333 illis
652 2294 751 2345 carnibus
768 2298 788 2334 et
799 2294 848 2335 nihil

89 2358 110 2402 ἕν
132 2358 173 2403 σοί.
204 2357 234 2402 Ed
255 2354 291 2404 οὖν
312 2360 412 2417 ἕπιγνοάς
432 2359 460 2405 σιξ
478 2361 591 2412 illicrede3
608 2364 653 2415 quia
664 2363 714 2403 mala
725 2367 771 2404 sunt
786 2376 848 2417 opera

89 2425 141 2487 ἔργα
151 2425 225 2483 αὐτοῦ,
240 2426 328 2474 ἀνιόντα
338 2426 377 2473 ἀπ’
386 2429 459 2482 αὐτοῦ,
477 2430 536 2482 illius,
553 2436 573 2471 et
587 2443 629 2471 non
645 2434 767 2474 conueniunt
786 2446 847 2475 servo

113 2557 131 2601 i]
146 2557 235 2593 Cassianus
248 2560 287 2594 hinc
300 2560 380 2604 conjecit,
393 2561 459 2595 insule
478 2559 512 2593 bet.
537 2558 575 2591 Neu
589 2558 638 2601 jure,
654 2564 673 2592 ut
685 2558 766 2593 llcurrius
783 2560 847 2603 decuit,

88 2616 160 2651 hominis
173 2617 242 2651 arbitrie
252 2620 379 2664 essepcsituru‚
393 2619 459 2652 cuinam
478 2618 541 2661 Appar.
554 2627 571 2660 p.
586 2615 624 2649 tlt.
649 2614 683 2650 cfr.
697 2628 748 2662 supra
761 2617 794 2653 Vis.
805 2618 821 2662 l,
831 2619 846 2653 3.

89 2673 143 2708 Genio
157 2675 199 2709 velit
212 2676 289 2710 obedire.
316 2677 349 2710 Cir.
358 2679 404 2723 lttip,
418 2676 429 2709 l.
444 2687 458 2710 c.
477 2687 494 2721 p.
508 2675 547 2709 325.
560 2680 595 2709 not.
609 2674 625 2707 7.

88 2743 105 2775 p.
116 2732 148 2764 171
163 2738 180 2766 ct
192 2736 306 2779 Jiiedmanu„
319 2747 336 2780 p.
346 2734 373 2768 78.
392 2735 459 2779 litigius
500 2733 519 2776 2)
533 2733 597 2767 Graeca
609 2731 700 2777 legendum
709 2733 791 2769 suadent:
805 2747 846 2771 ιονι-

88 2789 176 2824 Pastorem
184 2790 305 2837 Pelagianismi
317 2798 412 2836 suspectum
425 2792 458 2826 ha-
477 2793 541 2828 licruru
554 2798 647 2827 citerius.
668 2793 732 2827 Ocnus.
