1789 2987
107 205 164 241 axam
401 189 568 238 rnouuoon'uua
726 201 867 247 [immrmuu

165 310 191 366 h)
213 308 308 352 Actorum
330 313 432 350 auctorem
456 309 489 351 diu
511 316 557 364 post
578 312 649 367 Ignatii
670 315 760 364 tempora
783 310 866 364 vixisse,

106 382 198 424 Dallaeus
218 394 229 421 e
251 379 378 421 sermonibus
399 381 498 434 conjecit,
521 394 573 435 quos
592 395 635 424 cmn
652 382 736 436 TraJano
753 380 866 434 a'ltlartyre

105 453 182 493 habitos
203 450 252 491 Actu
274 454 342 491 nostra
363 454 445 503 praeter
470 464 549 492 omnem
573 453 615 493 ueri
641 464 665 493 ac
687 450 866 503 decori‘speciem

104 521 187 562 finxisse
203 524 258 573 putat
274 521 304 561 uir
320 520 352 560 ille
369 520 455 561 criticus,
483 520 508 560 Ei
527 522 567 574 jam
583 522 702 562 Peorsonins
715 519 735 574 ¹)
755 519 865 572 respondit,

104 604 211 633 serinoracs
227 591 277 631 istos
294 595 350 630 certe
366 602 433 643 neque
449 590 501 643 ocri,
517 603 584 644 neque
600 593 673 633 decori
683 590 771 632 rationes
783 588 865 629 turbare

104 660 236 703 contendeus.
267 660 310 701 Una
331 664 406 700 tantum
427 673 469 702 uox
488 657 623 713 κακοδαίμων
640 660 669 717 [c.
686 660 731 715 2.]‚
752 660 864 714 aTrajano

103 735 206 785 usurpata,
218 730 327 784 objectioni
336 721 364 769 'nu
376 730 503 771 occasionem
513 732 631 784 praebuisse
640 732 726 783 videtur,
739 741 864 784 quemnemo

104 801 176 842 dixerit
192 801 308 854 imperatori
324 801 403 840 minime
420 803 537 854 conuenire,
554 803 587 856 qui
603 815 646 843 eam
664 807 720 843 recte
735 800 863 842 intellexerit.

104 872 142 920 Qui
159 872 211 912 enim
227 872 293 922 nouit,
315 870 361 923 quId
378 872 404 910 sit
418 869 564 924 κακοδαίμων,
586 877 606 912 et
624 871 723 925 quomodo
741 870 864 911 Christianos

103 941 122 981 in
141 941 218 994 judicio
241 941 361 993 compellare
382 941 436 981 soliti
457 940 531 981 fuerint
553 941 637 992 ethnici,
660 941 718 981 facile
739 940 823 991 sentiet,
845 942 865 978 et

102 1024 173 1051 verum
195 1012 234 1051 Iioc
255 1015 275 1050 et
294 1011 389 1051 decorum
411 1022 463 1050 esse.
494 1010 530 1052 Est
551 1015 617 1051 autem
635 1006 781 1062 κακοδαίμων,
802 1014 865 1050 ulex

102 1081 166 1120 multis
178 1081 275 1132 exemplis
285 1080 405 1119 Pearsonius
417 1079 491 1130 docuit⁷
502 1080 529 1120 nil
540 1080 600 1129 alind,
612 1093 669 1132 quam
681 1080 759 1130 infolio
768 1080 827 1120 horno
836 1077 863 1131 ²).

160 1149 266 1190 Praeterea
278 1148 405 1196 monendum,
416 1160 521 1190 sermones
532 1149 603 1204 Ignatii
615 1154 634 1190 et
643 1149 729 1204 Trajani,
742 1162 752 1190 a
763 1148 863 1202 scriptore

100 1222 196 1262 Actorum
213 1233 256 1261 aron
271 1220 300 1260 od
315 1218 399 1260 cordum
415 1219 500 1272 relatos,
524 1225 667 1274 auctoremque
686 1225 775 1263 nostrum
793 1219 863 1261 eadem

101 1292 179 1333 licentio
196 1303 253 1332 usum
270 1302 323 1340 esse⁷
340 1302 398 1342 qnam
415 1290 496 1332 omnino
512 1290 603 1333 historici
619 1292 639 1332 in
651 1290 767 1332 enarrandis
780 1291 862 1332 aliorum

102 1364 228 1404 sermonilnis
241 1362 278 1402 sitii
289 1361 420 1402 vindicabant.
452 1361 528 1409 Quodsi
540 1375 556 1403 e.
569 1376 587 1417 g.
602 1362 667 1415 capito
679 1362 692 1404 2
704 1362 800 1417 Trajanus
812 1361 862 1403 deos

102 1433 206 1489 gentilium
223 1433 335 1473 ctoennoncs
352 1430 443 1484 appellat,
460 1437 514 1473 certe
525 1433 643 1486 scriptorem
655 1433 783 1474 christianum
795 1432 862 1473 verbis

102 1506 215 1546 christianis
231 1508 317 1543 montem
333 1503 413 1555 'Irajani
430 1504 550 1555 exposuisse
570 1503 629 1545 Iacile
644 1504 761 1558 perspicies.

161 1574 184 1631 c]
207 1574 327 1616 Auttrentiae
349 1578 486 1627 argumentum
507 1573 553 1614 inde
574 1587 655 1628 quoque
676 1574 733 1616 nobis
754 1573 861 1628 petendum

102 1646 187 1696 uidetur,
198 1646 251 1698 quod
261 1645 310 1685 Acta
322 1645 372 1684 haec
383 1657 453 1697 pressa
463 1645 587 1698 simplicique
596 1646 687 1685 oratione
695 1646 733 1686 sint
741 1646 860 1697 conscripta.

160 1715 190 1756 lu,
217 1716 338 1755 Postremam
349 1715 446 1756 Actorum
456 1714 527 1768 Ignatii
538 1719 613 1768 partem
625 1715 718 1769 spuriam⁷
731 1718 750 1755 et
760 1714 784 1755 ab
796 1715 861 1755 inter-

99 1785 191 1838 polatore
208 1785 293 1837 quodam
311 1789 403 1835 assutam7
420 1786 508 1825 arbitrati
518 1791 565 1826 sunt
575 1785 676 1837 Usserius‚
689 1786 774 1826 Grattius
786 1789 806 1826 et
816 1785 860 1834 alii3

100 1856 173 1906 causis,
188 1859 209 1896 ut
225 1855 271 1895 nrilri
287 1855 372 1906 uidetur,
388 1868 429 1895 non
444 1854 596 1897 sufficientibus.

160 1923 184 1979 a)
206 1925 328 1965 Postremum
348 1924 443 1965 Actorum
463 1929 540 1978 partem
560 1926 580 1965 in
602 1926 663 1966 altera
685 1925 744 1966 latina
764 1925 860 1965 versione

101 1995 176 2036 codicis
193 1995 305 2034 Cotroniani
322 1994 405 2046 deesse,
426 1995 505 2035 minime
521 2007 629 2048 negamus,
649 1994 754 2035 sedliuuc
770 1995 860 2036 codicem

100 2066 174 2106 nullius
185 2065 308 2105 auctoritatis
319 2076 372 2115 esse,
385 2077 411 2104 ex
422 2064 452 2116 iis,
464 2076 515 2117 quae
526 2077 586 2118 snpra
597 2078 614 2118 p.
622 2065 699 2105 LXVIII
710 2064 802 2116 diximus,
811 2065 859 2106 satis

101 2139 195 2188 apparetg
211 2136 297 2187 luceque
313 2138 342 2174 est
358 2134 441 2186 darius,
457 2134 586 2187 interpretem
603 2136 672 2187 istum,
688 2135 758 2189 Ignatii
773 2134 860 2175 aduentu

101 2205 121 2244 in
137 2206 187 2245 urbe
203 2209 291 2256 narrato,
308 2218 318 2245 a
334 2205 423 2257 genuino
434 2204 529 2245 Actorum
544 2205 658 2258 exemplari
667 2203 690 2245 ad
707 2204 783 2245 fabulas
795 2205 859 2246 inler-

100 2275 197 2328 polatoris
213 2286 260 2314 sese
276 2275 408 2315 coincidisse.
438 2274 508 2316 Exstat
524 2278 588 2315 autem
603 2275 704 2328 posterior
718 2275 751 2316 illa
762 2275 859 2316 Actorum

99 2358 158 2398 pars,
175 2357 185 2384 a
203 2344 275 2384 Granio
292 2344 407 2384 indubium
424 2348 507 2396 vocata,
523 2345 543 2384 in
559 2346 654 2387 versione
670 2344 744 2400 codicis
761 2344 859 2396 Caiensis,

99 2422 119 2457 et
136 2417 155 2457 in
172 2428 248 2470 graeco
265 2415 374 2468 exemplari
389 2414 502 2455 Parisiensi.

157 2485 183 2542 h)
196 2486 216 2528 Si
228 2485 322 2526 Grabium
334 2484 409 2535 audias,
420 2489 489 2537 aperte
500 2485 537 2526 sibi
547 2485 632 2527 invicem
640 2497 755 2540 repugnare
763 2484 858 2525 ridentur

98 2558 135 2597 ista
152 2557 213 2597 verita
230 2569 246 2596 c.
265 2556 295 2607 7.‚
318 2568 369 2608 quae
390 2555 410 2595 in
432 2556 526 2596 verdone
546 2561 615 2596 nostra
631 2556 657 2596 ita
672 2560 756 2597 sonant:
777 2554 858 2596 Horum

98 2640 137 2668 nos
152 2628 195 2679 ipsi
210 2632 341 2679 spectatores
355 2624 416 2675 facti,
434 2637 495 2678 qaum
507 2625 529 2665 dn
540 2625 639 2679 lacrymis
653 2632 716 2668 lotum
726 2630 808 2667 noctem
818 2638 858 2665 οω-

123 2718 141 2761 1)
154 2718 243 2751 Vindiciae
254 2717 291 2762 lgn.
304 2717 322 2750 P.
332 2716 352 2750 II.
366 2727 381 2750 c.
391 2717 412 2751 12
425 2716 469 2761 apud
512 2717 531 2761 2]
544 2718 630 2752 Pearsnn.
642 2717 653 2752 l.
667 2728 682 2751 c.

99 2774 174 2811 Coteler.
187 2776 205 2810 Τ,
218 2777 238 2811 II.
251 2788 269 2821 p.
283 2776 316 2810 lIll
329 2787 366 2822 sqq.
