<?xml version="1.0" encoding="UTF-8"?>
<!DOCTYPE html PUBLIC "-//W3C//DTD XHTML 1.0 Transitional//EN"
    "http://www.w3.org/TR/xhtml1/DTD/xhtml1-transitional.dtd">
<html xmlns="http://www.w3.org/1999/xhtml" xml:lang="en" lang="en">
 <head>
  <title>
</title>
<meta http-equiv="Content-Type" content="text/html;charset=utf-8" />
  <meta name='ocr-system' content='tesseract 3.04.00' />
  <meta name='ocr-capabilities' content='ocr_page ocr_carea ocr_par ocr_line ocrx_word'/>
</head>
<body>
  <div class='ocr_page' id='page_1' title='image "MN40298ucmf_0_0518.png"; bbox 0 0 1789 2987; ppageno 0'>
   <div class='ocr_carea' id='block_1_1' title="bbox 95 144 707 218">
    <p class='ocr_par' dir='ltr' id='par_1_1' title="bbox 95 144 707 218">
     <span class='ocr_line' id='line_1_1' title="bbox 95 144 707 218; baseline -0.023 0"><span class='ocrx_word' id='word_1_1' title='bbox 95 174 137 218; x_wconf 81' lang='grc'>386</span> <span class='ocrx_word' id='word_1_2' title='bbox 240 170 332 209; x_wconf 80' lang='lat' dir='ltr'>aarum</span> <span class='ocrx_word' id='word_1_3' title='bbox 344 170 434 206; x_wconf 83' lang='lat' dir='ltr'>aasroa.</span> <span class='ocrx_word' id='word_1_4' title='bbox 459 169 525 205; x_wconf 78' lang='lat' dir='ltr'>trusa</span> <span class='ocrx_word' id='word_1_5' title='bbox 538 170 565 205; x_wconf 88' lang='lat' dir='ltr'>ur.</span> <span class='ocrx_word' id='word_1_6' title='bbox 587 144 674 204; x_wconf 54' lang='lat' dir='ltr'>&#39;surina</span> <span class='ocrx_word' id='word_1_7' title='bbox 687 170 707 204; x_wconf 80' lang='lat' dir='ltr'>v.</span> 
     </span>
    </p>
   </div>
   <div class='ocr_carea' id='block_1_2' title="bbox 93 276 852 754">
    <p class='ocr_par' dir='ltr' id='par_1_2' title="bbox 93 276 852 405">
     <span class='ocr_line' id='line_1_2' title="bbox 94 276 852 332; baseline -0.004 -10"><span class='ocrx_word' id='word_1_8' title='bbox 94 276 149 322; x_wconf 86' lang='lat' dir='ltr'>ades.</span> <span class='ocrx_word' id='word_1_9' title='bbox 179 280 229 323; x_wconf 88' lang='lat' dir='ltr'>Nam</span> <span class='ocrx_word' id='word_1_10' title='bbox 245 281 262 323; x_wconf 93' lang='lat' dir='ltr'>si</span> <span class='ocrx_word' id='word_1_11' title='bbox 277 280 321 322; x_wconf 89' lang='lat' dir='ltr'>sine</span> <span class='ocrx_word' id='word_1_12' title='bbox 337 285 357 322; x_wconf 84' lang='lat' dir='ltr'>te</span> <span class='ocrx_word' id='word_1_13' title='bbox 373 292 396 322; x_wconf 87' lang='lat' dir='ltr'>ea</span> <span class='ocrx_word' id='word_1_14' title='bbox 412 279 502 322; x_wconf 82' lang='lat' dir='ltr'>viderem</span> <span class='ocrx_word' id='word_1_15' title='bbox 518 278 551 321; x_wconf 88' lang='lat' dir='ltr'>vel</span> <span class='ocrx_word' id='word_1_16' title='bbox 567 278 663 332; x_wconf 77' lang='lat' dir='ltr'>audirem,</span> <span class='ocrx_word' id='word_1_17' title='bbox 683 283 730 321; x_wconf 90' lang='lat' dir='ltr'>tunc</span> <span class='ocrx_word' id='word_1_18' title='bbox 746 277 852 320; x_wconf 90' lang='lat' dir='ltr'>Dominum</span> 
     </span>
     <span class='ocr_line' id='line_1_3' title="bbox 93 350 446 405; baseline -0.003 -13"><span class='ocrx_word' id='word_1_19' title='bbox 93 363 194 405; x_wconf 81' lang='lat' dir='ltr'>rogarem,</span> <span class='ocrx_word' id='word_1_20' title='bbox 210 356 231 392; x_wconf 90' lang='lat' dir='ltr'>ut</span> <span class='ocrx_word' id='word_1_21' title='bbox 247 352 365 393; x_wconf 75' lang='lat' dir='ltr'>ostenderet</span> <span class='ocrx_word' id='word_1_22' title='bbox 380 350 446 391; x_wconf 60' lang='lat' dir='ltr'>mitti</span> 
     </span>
    </p>

    <p class='ocr_par' dir='ltr' id='par_1_3' title="bbox 93 417 852 754">
     <span class='ocr_line' id='line_1_4' title="bbox 152 417 852 474; baseline 0 -15"><span class='ocrx_word' id='word_1_23' title='bbox 152 421 175 460; x_wconf 80' lang='lat' dir='ltr'>V,</span> <span class='ocrx_word' id='word_1_24' title='bbox 205 421 230 461; x_wconf 87' lang='lat' dir='ltr'>Et</span> <span class='ocrx_word' id='word_1_25' title='bbox 244 421 361 474; x_wconf 88' lang='lat' dir='ltr'>respondit:</span> <span class='ocrx_word' id='word_1_26' title='bbox 386 420 506 473; x_wconf 84' lang='lat' dir='ltr'>¹„dixeram</span> <span class='ocrx_word' id='word_1_27' title='bbox 522 421 556 461; x_wconf 88' lang='lat' dir='ltr'>tihi</span> <span class='ocrx_word' id='word_1_28' title='bbox 572 420 631 474; x_wconf 88' lang='lat' dir='ltr'>paulo</span> <span class='ocrx_word' id='word_1_29' title='bbox 648 423 704 470; x_wconf 89' lang='lat' dir='ltr'>ante,</span> <span class='ocrx_word' id='word_1_30' title='bbox 724 417 816 460; x_wconf 89' lang='lat' dir='ltr'>callidum</span> <span class='ocrx_word' id='word_1_31' title='bbox 832 423 852 459; x_wconf 88' lang='lat' dir='ltr'>lc</span> 
     </span>
     <span class='ocr_line' id='line_1_5' title="bbox 94 487 852 544; baseline -0.001 -15"><span class='ocrx_word' id='word_1_32' title='bbox 94 501 140 530; x_wconf 90' lang='lat' dir='ltr'>esse</span> <span class='ocrx_word' id='word_1_33' title='bbox 156 495 176 530; x_wconf 89' lang='lat' dir='ltr'>et</span> <span class='ocrx_word' id='word_1_34' title='bbox 191 491 298 541; x_wconf 77' lang='lat' dir='ltr'>audacem,</span> <span class='ocrx_word' id='word_1_35' title='bbox 318 492 351 543; x_wconf 90' lang='lat' dir='ltr'>qui</span> <span class='ocrx_word' id='word_1_36' title='bbox 368 490 478 531; x_wconf 70' lang='lat' dir='ltr'>solutiones</span> <span class='ocrx_word' id='word_1_37' title='bbox 494 490 642 531; x_wconf 91' lang='lat' dir='ltr'>similitudinum</span> <span class='ocrx_word' id='word_1_38' title='bbox 659 490 780 544; x_wconf 78' lang='lat' dir='ltr'>interrogas.</span> <span class='ocrx_word' id='word_1_39' title='bbox 812 487 852 528; x_wconf 88' lang='lat' dir='ltr'>Sed</span> 
     </span>
     <span class='ocr_line' id='line_1_6' title="bbox 93 557 852 613; baseline -0.003 -14"><span class='ocrx_word' id='word_1_40' title='bbox 93 559 139 611; x_wconf 87' lang='lat' dir='ltr'>quia</span> <span class='ocrx_word' id='word_1_41' title='bbox 155 560 181 600; x_wconf 91' lang='lat' dir='ltr'>ita</span> <span class='ocrx_word' id='word_1_42' title='bbox 197 572 219 600; x_wconf 91' lang='lat' dir='ltr'>es</span> <span class='ocrx_word' id='word_1_43' title='bbox 236 558 350 613; x_wconf 79' lang='lat' dir='ltr'>²pertinax,</span> <span class='ocrx_word' id='word_1_44' title='bbox 367 560 443 601; x_wconf 86' lang='lat' dir='ltr'>solvam</span> <span class='ocrx_word' id='word_1_45' title='bbox 458 559 493 599; x_wconf 88' lang='lat' dir='ltr'>tihi</span> <span class='ocrx_word' id='word_1_46' title='bbox 508 560 567 612; x_wconf 89' lang='lat' dir='ltr'>hanc,</span> <span class='ocrx_word' id='word_1_47' title='bbox 583 572 640 612; x_wconf 89' lang='lat' dir='ltr'>quam</span> <span class='ocrx_word' id='word_1_48' title='bbox 652 558 763 610; x_wconf 88' lang='lat' dir='ltr'>desideras,</span> <span class='ocrx_word' id='word_1_49' title='bbox 780 557 852 598; x_wconf 92' lang='lat' dir='ltr'>simili-</span> 
     </span>
     <span class='ocr_line' id='line_1_7' title="bbox 93 628 852 681; baseline 0.001 -14"><span class='ocrx_word' id='word_1_50' title='bbox 93 628 192 681; x_wconf 86' lang='lat' dir='ltr'>tudinem,</span> <span class='ocrx_word' id='word_1_51' title='bbox 207 634 229 670; x_wconf 93' lang='lat' dir='ltr'>ut</span> <span class='ocrx_word' id='word_1_52' title='bbox 245 631 336 670; x_wconf 90' lang='lat' dir='ltr'>omnihus</span> <span class='ocrx_word' id='word_1_53' title='bbox 353 634 419 670; x_wconf 89' lang='lat' dir='ltr'>notam</span> <span class='ocrx_word' id='word_1_54' title='bbox 435 629 497 670; x_wconf 86' lang='lat' dir='ltr'>facias</span> <span class='ocrx_word' id='word_1_55' title='bbox 515 642 563 671; x_wconf 81' lang='lat' dir='ltr'>eant.</span> <span class='ocrx_word' id='word_1_56' title='bbox 595 630 648 671; x_wconf 89' lang='lat' dir='ltr'>Audi</span> <span class='ocrx_word' id='word_1_57' title='bbox 663 629 728 681; x_wconf 79' lang='lat' dir='ltr'>nunc,</span> <span class='ocrx_word' id='word_1_58' title='bbox 746 629 815 681; x_wconf 86' lang='lat' dir='ltr'>inquit,</span> <span class='ocrx_word' id='word_1_59' title='bbox 832 632 852 668; x_wconf 87' lang='lat' dir='ltr'>et</span> 
     </span>
     <span class='ocr_line' id='line_1_8' title="bbox 93 697 852 754; baseline 0 -16"><span class='ocrx_word' id='word_1_60' title='bbox 93 699 174 752; x_wconf 79' lang='lat' dir='ltr'>percipe</span> <span class='ocrx_word' id='word_1_61' title='bbox 191 700 261 740; x_wconf 87' lang='lat' dir='ltr'>animo.</span> <span class='ocrx_word' id='word_1_62' title='bbox 294 697 387 740; x_wconf 80' lang='lat' dir='ltr'>³0meu</span> <span class='ocrx_word' id='word_1_63' title='bbox 404 703 502 741; x_wconf 86' lang='lat' dir='ltr'>terrarum</span> <span class='ocrx_word' id='word_1_64' title='bbox 518 699 592 740; x_wconf 88' lang='lat' dir='ltr'>fundus</span> <span class='ocrx_word' id='word_1_65' title='bbox 608 700 641 740; x_wconf 93' lang='lat' dir='ltr'>ille</span> <span class='ocrx_word' id='word_1_66' title='bbox 657 699 766 754; x_wconf 81' lang='lat' dir='ltr'>significat,</span> <span class='ocrx_word' id='word_1_67' title='bbox 783 698 816 751; x_wconf 91' lang='lat' dir='ltr'>qui</span> <span class='ocrx_word' id='word_1_68' title='bbox 832 698 852 738; x_wconf 89' lang='lat' dir='ltr'>in</span> 
     </span>
    </p>
   </div>
   <div class='ocr_carea' id='block_1_3' title="bbox 90 813 852 2765">
    <p class='ocr_par' dir='ltr' id='par_1_4' title="bbox 117 813 852 860">
     <span class='ocr_line' id='line_1_9' title="bbox 117 813 852 860; baseline 0 -15"><span class='ocrx_word' id='word_1_69' title='bbox 117 813 136 858; x_wconf 83' lang='lat' dir='ltr'>l)</span> <span class='ocrx_word' id='word_1_70' title='bbox 148 813 192 847; x_wconf 80' lang='lat' dir='ltr'>Vide</span> <span class='ocrx_word' id='word_1_71' title='bbox 206 826 242 858; x_wconf 85' lang='lat' dir='ltr'>cap.</span> <span class='ocrx_word' id='word_1_72' title='bbox 255 814 335 849; x_wconf 82' lang='lat' dir='ltr'>anteced.</span> <span class='ocrx_word' id='word_1_73' title='bbox 482 821 539 860; x_wconf 87' lang='lat' dir='ltr'>putet,</span> <span class='ocrx_word' id='word_1_74' title='bbox 551 815 613 849; x_wconf 90' lang='lat' dir='ltr'>Filium</span> <span class='ocrx_word' id='word_1_75' title='bbox 621 815 654 849; x_wconf 89' lang='lat' dir='ltr'>Dei</span> <span class='ocrx_word' id='word_1_76' title='bbox 663 814 691 848; x_wconf 83' lang='lat' dir='ltr'>hic</span> <span class='ocrx_word' id='word_1_77' title='bbox 702 815 785 860; x_wconf 78' lang='lat' dir='ltr'>postponi</span> <span class='ocrx_word' id='word_1_78' title='bbox 797 813 852 856; x_wconf 90' lang='lat' dir='ltr'>Spiri-</span> 
     </span>
    </p>

    <p class='ocr_par' dir='ltr' id='par_1_5' title="bbox 92 871 852 974">
     <span class='ocr_line' id='line_1_10' title="bbox 116 871 851 917; baseline -0.001 -14"><span class='ocrx_word' id='word_1_79' title='bbox 116 871 135 913; x_wconf 77' lang='lat'>2)</span> <span class='ocrx_word' id='word_1_80' title='bbox 149 871 175 904; x_wconf 92' lang='lat' dir='ltr'>De</span> <span class='ocrx_word' id='word_1_81' title='bbox 193 873 286 916; x_wconf 78' lang='lat' dir='ltr'>pertinacia</span> <span class='ocrx_word' id='word_1_82' title='bbox 303 874 319 905; x_wconf 91' lang='lat' dir='ltr'>in</span> <span class='ocrx_word' id='word_1_83' title='bbox 336 872 412 917; x_wconf 88' lang='lat' dir='ltr'>petendo</span> <span class='ocrx_word' id='word_1_84' title='bbox 432 873 463 906; x_wconf 83' lang='lat' dir='ltr'>cir.</span> <span class='ocrx_word' id='word_1_85' title='bbox 482 874 506 906; x_wconf 86' lang='lat' dir='ltr'>tui</span> <span class='ocrx_word' id='word_1_86' title='bbox 526 879 585 906; x_wconf 89' lang='lat' dir='ltr'>saneto</span> <span class='ocrx_word' id='word_1_87' title='bbox 605 878 622 907; x_wconf 87' lang='lat' dir='ltr'>et</span> <span class='ocrx_word' id='word_1_88' title='bbox 642 873 726 906; x_wconf 86' lang='lat' dir='ltr'>declarari</span> <span class='ocrx_word' id='word_1_89' title='bbox 746 871 851 905; x_wconf 83' lang='lat' dir='ltr'>inferiorem.</span> 
     </span>
     <span class='ocr_line' id='line_1_11' title="bbox 92 928 852 974; baseline -0.001 -13"><span class='ocrx_word' id='word_1_90' title='bbox 92 928 132 962; x_wconf 91' lang='lat' dir='ltr'>Luc.</span> <span class='ocrx_word' id='word_1_91' title='bbox 147 928 174 970; x_wconf 88' lang='lat' dir='ltr'>ll,</span> <span class='ocrx_word' id='word_1_92' title='bbox 188 929 204 961; x_wconf 86' lang='lat'>8.</span> <span class='ocrx_word' id='word_1_93' title='bbox 481 929 529 962; x_wconf 87' lang='lat' dir='ltr'>Haec</span> <span class='ocrx_word' id='word_1_94' title='bbox 541 930 615 974; x_wconf 87' lang='lat' dir='ltr'>suspicio</span> <span class='ocrx_word' id='word_1_95' title='bbox 628 929 703 972; x_wconf 87' lang='lat' dir='ltr'>tollitur,</span> <span class='ocrx_word' id='word_1_96' title='bbox 722 930 736 963; x_wconf 87' lang='lat' dir='ltr'>si</span> <span class='ocrx_word' id='word_1_97' title='bbox 753 930 790 962; x_wconf 91' lang='lat' dir='ltr'>illos</span> <span class='ocrx_word' id='word_1_98' title='bbox 804 928 852 961; x_wconf 90' lang='lat' dir='ltr'>locos</span> 
     </span>
    </p>

    <p class='ocr_par' dir='ltr' id='par_1_6' title="bbox 90 985 852 2765">
     <span class='ocr_line' id='line_1_12' title="bbox 116 985 852 1032; baseline -0.004 -12"><span class='ocrx_word' id='word_1_99' title='bbox 116 986 135 1030; x_wconf 76' lang='lat'>3)</span> <span class='ocrx_word' id='word_1_100' title='bbox 153 985 203 1027; x_wconf 82' lang='lat' dir='ltr'>Quod</span> <span class='ocrx_word' id='word_1_101' title='bbox 220 997 264 1020; x_wconf 87' lang='lat' dir='ltr'>nunc</span> <span class='ocrx_word' id='word_1_102' title='bbox 281 987 367 1032; x_wconf 83' lang='lat' dir='ltr'>sequitur,</span> <span class='ocrx_word' id='word_1_103' title='bbox 387 993 412 1021; x_wconf 88' lang='lat' dir='ltr'>est</span> <span class='ocrx_word' id='word_1_104' title='bbox 430 998 462 1021; x_wconf 84' lang='lat' dir='ltr'>ex-</span> <span class='ocrx_word' id='word_1_105' title='bbox 482 987 575 1030; x_wconf 83' lang='lat' dir='ltr'>respicias,</span> <span class='ocrx_word' id='word_1_106' title='bbox 595 988 611 1020; x_wconf 86' lang='lat' dir='ltr'>iu</span> <span class='ocrx_word' id='word_1_107' title='bbox 632 987 691 1031; x_wconf 87' lang='lat' dir='ltr'>quibus</span> <span class='ocrx_word' id='word_1_108' title='bbox 713 988 735 1021; x_wconf 84' lang='lat' dir='ltr'>de</span> <span class='ocrx_word' id='word_1_109' title='bbox 755 986 799 1020; x_wconf 86' lang='lat' dir='ltr'>Filio</span> <span class='ocrx_word' id='word_1_110' title='bbox 819 985 852 1018; x_wconf 89' lang='lat' dir='ltr'>Dei</span> 
     </span>
     <span class='ocr_line' id='line_1_13' title="bbox 91 1044 851 1089; baseline -0.001 -12"><span class='ocrx_word' id='word_1_111' title='bbox 91 1044 166 1087; x_wconf 87' lang='lat' dir='ltr'>planatio</span> <span class='ocrx_word' id='word_1_112' title='bbox 183 1047 255 1089; x_wconf 77' lang='lat' dir='ltr'>arrysttei</span> <span class='ocrx_word' id='word_1_113' title='bbox 272 1055 332 1078; x_wconf 86' lang='lat' dir='ltr'>seusus</span> <span class='ocrx_word' id='word_1_114' title='bbox 350 1044 462 1079; x_wconf 70' lang='lat' dir='ltr'>similitudinis</span> <span class='ocrx_word' id='word_1_115' title='bbox 481 1044 575 1077; x_wconf 91' lang='lat' dir='ltr'>secundum</span> <span class='ocrx_word' id='word_1_116' title='bbox 589 1052 678 1079; x_wconf 82' lang='lat' dir='ltr'>oeternum</span> <span class='ocrx_word' id='word_1_117' title='bbox 691 1044 728 1087; x_wconf 82' lang='lat' dir='ltr'>ejus</span> <span class='ocrx_word' id='word_1_118' title='bbox 740 1044 851 1085; x_wconf 82' lang='lat' dir='ltr'>existentiam,</span> 
     </span>
     <span class='ocr_line' id='line_1_14' title="bbox 91 1100 851 1148; baseline 0.001 -13"><span class='ocrx_word' id='word_1_119' title='bbox 91 1102 146 1144; x_wconf 89' lang='lat' dir='ltr'>illius,</span> <span class='ocrx_word' id='word_1_120' title='bbox 164 1113 214 1147; x_wconf 90' lang='lat' dir='ltr'>quam</span> <span class='ocrx_word' id='word_1_121' title='bbox 226 1113 276 1146; x_wconf 90' lang='lat' dir='ltr'>supra</span> <span class='ocrx_word' id='word_1_122' title='bbox 290 1103 346 1146; x_wconf 88' lang='lat' dir='ltr'>capite</span> <span class='ocrx_word' id='word_1_123' title='bbox 360 1103 370 1135; x_wconf 82' lang='lat'><strong>2</strong></span> <span class='ocrx_word' id='word_1_124' title='bbox 383 1103 461 1148; x_wconf 82' lang='lat' dir='ltr'>legimus.</span> <span class='ocrx_word' id='word_1_125' title='bbox 480 1101 491 1133; x_wconf 76' lang='lat' dir='ltr'>i.</span> <span class='ocrx_word' id='word_1_126' title='bbox 501 1111 517 1132; x_wconf 81' lang='lat' dir='ltr'>e·</span> <span class='ocrx_word' id='word_1_127' title='bbox 530 1102 552 1134; x_wconf 81' lang='lat' dir='ltr'>de</span> <span class='ocrx_word' id='word_1_128' title='bbox 564 1100 617 1145; x_wconf 70' lang='grc' dir='ltr'>Λόγῳ</span> <span class='ocrx_word' id='word_1_129' title='bbox 630 1102 728 1145; x_wconf 82' lang='lat' dir='ltr'>disseritur,</span> <span class='ocrx_word' id='word_1_130' title='bbox 741 1112 756 1135; x_wconf 86' lang='lat' dir='ltr'>e.</span> <span class='ocrx_word' id='word_1_131' title='bbox 767 1112 784 1146; x_wconf 86' lang='lat' dir='ltr'>g.</span> <span class='ocrx_word' id='word_1_132' title='bbox 798 1101 851 1134; x_wconf 83' lang='lat' dir='ltr'>Simil·</span> 
     </span>
     <span class='ocr_line' id='line_1_15' title="bbox 91 1157 851 1205; baseline -0.003 -11"><span class='ocrx_word' id='word_1_133' title='bbox 91 1162 181 1195; x_wconf 79' lang='lat' dir='ltr'>Dominus</span> <span class='ocrx_word' id='word_1_134' title='bbox 197 1161 250 1205; x_wconf 69' lang='lat' dir='ltr'>sotiadi</span> <span class='ocrx_word' id='word_1_135' title='bbox 268 1165 294 1192; x_wconf 84' lang='lat' dir='ltr'>est</span> <span class='ocrx_word' id='word_1_136' title='bbox 311 1174 336 1190; x_wconf 91' lang='lat'>=</span> <span class='ocrx_word' id='word_1_137' title='bbox 354 1163 414 1204; x_wconf 77' lang='lat' dir='ltr'>Dorus,</span> <span class='ocrx_word' id='word_1_138' title='bbox 434 1162 461 1205; x_wconf 90' lang='lat' dir='ltr'>qui</span> <span class='ocrx_word' id='word_1_139' title='bbox 480 1157 512 1200; x_wconf 84' lang='lat' dir='ltr'>IX,</span> <span class='ocrx_word' id='word_1_140' title='bbox 526 1159 555 1192; x_wconf 81' lang='lat'>12:</span> <span class='ocrx_word' id='word_1_141' title='bbox 575 1158 642 1202; x_wconf 90' lang='lat' dir='ltr'>„Filius</span> <span class='ocrx_word' id='word_1_142' title='bbox 658 1158 691 1192; x_wconf 90' lang='lat' dir='ltr'>Dei</span> <span class='ocrx_word' id='word_1_143' title='bbox 709 1161 754 1192; x_wconf 90' lang='lat' dir='ltr'>omni</span> <span class='ocrx_word' id='word_1_144' title='bbox 772 1164 851 1193; x_wconf 87' lang='lat' dir='ltr'>creatura</span> 
     </span>
     <span class='ocr_line' id='line_1_16' title="bbox 92 1215 852 1262; baseline 0 -12"><span class='ocrx_word' id='word_1_145' title='bbox 92 1219 148 1251; x_wconf 88' lang='lat' dir='ltr'>omnia</span> <span class='ocrx_word' id='word_1_146' title='bbox 161 1219 234 1259; x_wconf 66' lang='lat' dir='ltr'>creavitg</span> <span class='ocrx_word' id='word_1_147' title='bbox 250 1229 326 1261; x_wconf 75' lang='lat' dir='ltr'>sereres,</span> <span class='ocrx_word' id='word_1_148' title='bbox 341 1228 391 1262; x_wconf 88' lang='lat' dir='ltr'>quem</span> <span class='ocrx_word' id='word_1_149' title='bbox 405 1219 420 1251; x_wconf 92' lang='lat' dir='ltr'>in</span> <span class='ocrx_word' id='word_1_150' title='bbox 434 1219 462 1251; x_wconf 86' lang='lat' dir='ltr'>vi-</span> <span class='ocrx_word' id='word_1_151' title='bbox 481 1216 566 1260; x_wconf 87' lang='lat' dir='ltr'>antiquior</span> <span class='ocrx_word' id='word_1_152' title='bbox 578 1222 615 1260; x_wconf 82' lang='lat' dir='ltr'>est,</span> <span class='ocrx_word' id='word_1_153' title='bbox 628 1217 650 1250; x_wconf 89' lang='lat' dir='ltr'>ita</span> <span class='ocrx_word' id='word_1_154' title='bbox 663 1223 682 1250; x_wconf 92' lang='lat' dir='ltr'>ut</span> <span class='ocrx_word' id='word_1_155' title='bbox 693 1217 710 1250; x_wconf 89' lang='lat' dir='ltr'>in</span> <span class='ocrx_word' id='word_1_156' title='bbox 723 1217 795 1251; x_wconf 86' lang='lat' dir='ltr'>consilio</span> <span class='ocrx_word' id='word_1_157' title='bbox 806 1215 852 1250; x_wconf 89' lang='lat' dir='ltr'>Patri</span> 
     </span>
     <span class='ocr_line' id='line_1_17' title="bbox 91 1273 851 1317; baseline 0 -9"><span class='ocrx_word' id='word_1_158' title='bbox 91 1286 141 1309; x_wconf 84' lang='lat' dir='ltr'>neam</span> <span class='ocrx_word' id='word_1_159' title='bbox 154 1286 200 1309; x_wconf 85' lang='lat' dir='ltr'>suam</span> <span class='ocrx_word' id='word_1_160' title='bbox 213 1275 269 1317; x_wconf 86' lang='lat' dir='ltr'>misit,</span> <span class='ocrx_word' id='word_1_161' title='bbox 283 1280 309 1308; x_wconf 91' lang='lat' dir='ltr'>est</span> <span class='ocrx_word' id='word_1_162' title='bbox 318 1277 376 1311; x_wconf 79' lang='lat' dir='ltr'>Filius</span> <span class='ocrx_word' id='word_1_163' title='bbox 385 1278 418 1310; x_wconf 81' lang='lat' dir='ltr'>Dal</span> <span class='ocrx_word' id='word_1_164' title='bbox 426 1276 437 1308; x_wconf 91' lang='lat' dir='ltr'>i.</span> <span class='ocrx_word' id='word_1_165' title='bbox 446 1287 461 1309; x_wconf 89' lang='lat' dir='ltr'>e.</span> <span class='ocrx_word' id='word_1_166' title='bbox 480 1283 511 1307; x_wconf 88' lang='lat' dir='ltr'>suo</span> <span class='ocrx_word' id='word_1_167' title='bbox 529 1273 603 1308; x_wconf 80' lang='lat' dir='ltr'>adfuerit</span> <span class='ocrx_word' id='word_1_168' title='bbox 619 1275 640 1308; x_wconf 89' lang='lat' dir='ltr'>ad</span> <span class='ocrx_word' id='word_1_169' title='bbox 658 1275 764 1309; x_wconf 87' lang='lat' dir='ltr'>condendam</span> <span class='ocrx_word' id='word_1_170' title='bbox 782 1280 851 1309; x_wconf 88' lang='lat' dir='ltr'>creatu-</span> 
     </span>
     <span class='ocr_line' id='line_1_18' title="bbox 92 1331 852 1377; baseline 0 -12"><span class='ocrx_word' id='word_1_171' title='bbox 92 1331 167 1367; x_wconf 88' lang='lat' dir='ltr'>Christus</span> <span class='ocrx_word' id='word_1_172' title='bbox 176 1335 192 1367; x_wconf 93' lang='lat' dir='ltr'>in</span> <span class='ocrx_word' id='word_1_173' title='bbox 201 1334 250 1366; x_wconf 86' lang='lat' dir='ltr'>terris</span> <span class='ocrx_word' id='word_1_174' title='bbox 260 1343 343 1377; x_wconf 85' lang='lat' dir='ltr'>apparens</span> <span class='ocrx_word' id='word_1_175' title='bbox 351 1334 381 1376; x_wconf 84' lang='lat' dir='ltr'>(de</span> <span class='ocrx_word' id='word_1_176' title='bbox 391 1339 461 1366; x_wconf 82' lang='lat' dir='ltr'>aeterna</span> <span class='ocrx_word' id='word_1_177' title='bbox 480 1334 537 1375; x_wconf 82' lang='lat' dir='ltr'>raur,“</span> <span class='ocrx_word' id='word_1_178' title='bbox 556 1338 574 1365; x_wconf 89' lang='lat' dir='ltr'>et</span> <span class='ocrx_word' id='word_1_179' title='bbox 587 1333 629 1366; x_wconf 87' lang='lat' dir='ltr'>ibid.</span> <span class='ocrx_word' id='word_1_180' title='bbox 642 1345 657 1366; x_wconf 91' lang='lat' dir='ltr'>c.</span> <span class='ocrx_word' id='word_1_181' title='bbox 671 1334 702 1366; x_wconf 76' lang='lat' dir='ltr'>td:</span> <span class='ocrx_word' id='word_1_182' title='bbox 722 1344 800 1377; x_wconf 85' lang='lat' dir='ltr'>„nonren</span> <span class='ocrx_word' id='word_1_183' title='bbox 812 1332 852 1366; x_wconf 86' lang='lat' dir='ltr'>Filii</span> 
     </span>
     <span class='ocr_line' id='line_1_19' title="bbox 92 1389 851 1435; baseline -0.001 -12"><span class='ocrx_word' id='word_1_184' title='bbox 92 1392 180 1423; x_wconf 82' lang='lat' dir='ltr'>existentia</span> <span class='ocrx_word' id='word_1_185' title='bbox 193 1390 230 1424; x_wconf 89' lang='lat' dir='ltr'>Filii</span> <span class='ocrx_word' id='word_1_186' title='bbox 240 1390 273 1423; x_wconf 86' lang='lat' dir='ltr'>Dei</span> <span class='ocrx_word' id='word_1_187' title='bbox 286 1405 308 1423; x_wconf 85' lang='lat'><strong>:</strong></span> <span class='ocrx_word' id='word_1_188' title='bbox 321 1393 351 1423; x_wconf 83' lang='grc' dir='ltr'>τοῦ</span> <span class='ocrx_word' id='word_1_189' title='bbox 362 1389 422 1435; x_wconf 76' lang='lat' dir='ltr'>Ao&#39;you</span> <span class='ocrx_word' id='word_1_190' title='bbox 434 1391 462 1424; x_wconf 90' lang='lat' dir='ltr'>hic</span> <span class='ocrx_word' id='word_1_191' title='bbox 480 1389 513 1423; x_wconf 90' lang='lat' dir='ltr'>Dei</span> <span class='ocrx_word' id='word_1_192' title='bbox 530 1401 609 1435; x_wconf 78' lang='lat' dir='ltr'>araguum</span> <span class='ocrx_word' id='word_1_193' title='bbox 627 1397 644 1425; x_wconf 90' lang='lat' dir='ltr'>et</span> <span class='ocrx_word' id='word_1_194' title='bbox 660 1392 760 1425; x_wconf 85' lang='lat' dir='ltr'>immensum</span> <span class='ocrx_word' id='word_1_195' title='bbox 778 1397 814 1432; x_wconf 87' lang='lat' dir='ltr'>est,</span> <span class='ocrx_word' id='word_1_196' title='bbox 834 1395 851 1423; x_wconf 85' lang='lat' dir='ltr'>et</span> 
     </span>
     <span class='ocr_line' id='line_1_20' title="bbox 91 1447 851 1493; baseline 0 -12"><span class='ocrx_word' id='word_1_197' title='bbox 91 1455 159 1482; x_wconf 88' lang='lat' dir='ltr'>nonest</span> <span class='ocrx_word' id='word_1_198' title='bbox 168 1450 239 1493; x_wconf 76' lang='lat' dir='ltr'>sermo).</span> <span class='ocrx_word' id='word_1_199' title='bbox 257 1449 462 1493; x_wconf 88' lang='lat' dir='ltr'>Servumillumpropter</span> <span class='ocrx_word' id='word_1_200' title='bbox 481 1454 525 1482; x_wconf 91' lang='lat' dir='ltr'>totus</span> <span class='ocrx_word' id='word_1_201' title='bbox 543 1447 564 1481; x_wconf 89' lang='lat' dir='ltr'>ah</span> <span class='ocrx_word' id='word_1_202' title='bbox 584 1458 604 1481; x_wconf 87' lang='lat' dir='ltr'>eo</span> <span class='ocrx_word' id='word_1_203' title='bbox 623 1454 727 1483; x_wconf 86' lang='lat' dir='ltr'>sustentatur</span> <span class='ocrx_word' id='word_1_204' title='bbox 745 1449 813 1491; x_wconf 84' lang='lat' dir='ltr'>orhis“,</span> <span class='ocrx_word' id='word_1_205' title='bbox 834 1452 851 1481; x_wconf 90' lang='lat' dir='ltr'>et</span> 
     </span>
     <span class='ocr_line' id='line_1_21' title="bbox 91 1505 851 1549; baseline 0.001 -11"><span class='ocrx_word' id='word_1_206' title='bbox 91 1506 161 1539; x_wconf 85' lang='lat' dir='ltr'>labores</span> <span class='ocrx_word' id='word_1_207' title='bbox 173 1516 214 1539; x_wconf 88' lang='lat' dir='ltr'>suos</span> <span class='ocrx_word' id='word_1_208' title='bbox 222 1507 304 1539; x_wconf 88' lang='lat' dir='ltr'>Dominus</span> <span class='ocrx_word' id='word_1_209' title='bbox 317 1506 363 1540; x_wconf 83' lang='lat' dir='ltr'>fundi</span> <span class='ocrx_word' id='word_1_210' title='bbox 375 1507 460 1549; x_wconf 80' lang='lat' dir='ltr'>exaltavit,</span> <span class='ocrx_word' id='word_1_211' title='bbox 480 1506 526 1539; x_wconf 81' lang='lat' dir='ltr'>Visio</span> <span class='ocrx_word' id='word_1_212' title='bbox 538 1505 558 1540; x_wconf 95' lang='lat' dir='ltr'>ll.</span> <span class='ocrx_word' id='word_1_213' title='bbox 572 1507 591 1538; x_wconf 83' lang='lat'>2:</span> <span class='ocrx_word' id='word_1_214' title='bbox 612 1506 692 1549; x_wconf 88' lang='lat' dir='ltr'>„Jnravit</span> <span class='ocrx_word' id='word_1_215' title='bbox 709 1508 753 1540; x_wconf 90' lang='lat' dir='ltr'>enirn</span> <span class='ocrx_word' id='word_1_216' title='bbox 769 1507 851 1541; x_wconf 88' lang='lat' dir='ltr'>Dominus</span> 
     </span>
     <span class='ocr_line' id='line_1_22' title="bbox 91 1561 850 1608; baseline 0.003 -12"><span class='ocrx_word' id='word_1_217' title='bbox 91 1565 102 1595; x_wconf 89' lang='lat' dir='ltr'>i.</span> <span class='ocrx_word' id='word_1_218' title='bbox 115 1575 129 1596; x_wconf 90' lang='lat' dir='ltr'>e.</span> <span class='ocrx_word' id='word_1_219' title='bbox 143 1570 212 1607; x_wconf 85' lang='lat' dir='ltr'>peracto</span> <span class='ocrx_word' id='word_1_220' title='bbox 226 1575 279 1607; x_wconf 83' lang='lat' dir='ltr'>opere</span> <span class='ocrx_word' id='word_1_221' title='bbox 291 1565 415 1608; x_wconf 88' lang='lat' dir='ltr'>redemptionis</span> <span class='ocrx_word' id='word_1_222' title='bbox 427 1564 461 1597; x_wconf 93' lang='lat' dir='ltr'>ho·</span> <span class='ocrx_word' id='word_1_223' title='bbox 480 1563 580 1608; x_wconf 81' lang='lat' dir='ltr'>perFiliurn</span> <span class='ocrx_word' id='word_1_224' title='bbox 592 1575 640 1597; x_wconf 91' lang='lat' dir='ltr'>suum</span> <span class='ocrx_word' id='word_1_225' title='bbox 654 1561 698 1599; x_wconf 64' lang='lat' dir='ltr'>etef‘</span> <span class='ocrx_word' id='word_1_226' title='bbox 719 1564 769 1598; x_wconf 86' lang='lat' dir='ltr'>Plura</span> <span class='ocrx_word' id='word_1_227' title='bbox 782 1564 803 1597; x_wconf 91' lang='lat' dir='ltr'>ad</span> <span class='ocrx_word' id='word_1_228' title='bbox 818 1575 850 1598; x_wconf 87' lang='lat' dir='ltr'>ex-</span> 
     </span>
     <span class='ocr_line' id='line_1_23' title="bbox 91 1620 851 1667; baseline 0 -14"><span class='ocrx_word' id='word_1_229' title='bbox 91 1621 152 1653; x_wconf 88' lang='lat' dir='ltr'>miuum</span> <span class='ocrx_word' id='word_1_230' title='bbox 162 1620 236 1654; x_wconf 82' lang='lat' dir='ltr'>Christus</span> <span class='ocrx_word' id='word_1_231' title='bbox 246 1623 296 1655; x_wconf 89' lang='lat' dir='ltr'>etiam</span> <span class='ocrx_word' id='word_1_232' title='bbox 306 1623 363 1667; x_wconf 87' lang='lat' dir='ltr'>quoad</span> <span class='ocrx_word' id='word_1_233' title='bbox 372 1622 460 1656; x_wconf 83' lang='lat' dir='ltr'>humanam</span> <span class='ocrx_word' id='word_1_234' title='bbox 479 1620 580 1665; x_wconf 88' lang='lat' dir='ltr'>planandam</span> <span class='ocrx_word' id='word_1_235' title='bbox 604 1621 678 1655; x_wconf 84' lang='lat' dir='ltr'>Hermae</span> <span class='ocrx_word' id='word_1_236' title='bbox 704 1621 809 1667; x_wconf 80' lang='lat' dir='ltr'>theologiam</span> <span class='ocrx_word' id='word_1_237' title='bbox 834 1626 851 1655; x_wconf 86' lang='lat' dir='ltr'>et</span> 
     </span>
     <span class='ocr_line' id='line_1_24' title="bbox 90 1677 851 1724; baseline 0.001 -14"><span class='ocrx_word' id='word_1_238' title='bbox 90 1689 137 1711; x_wconf 87' lang='lat' dir='ltr'>suam</span> <span class='ocrx_word' id='word_1_239' title='bbox 150 1684 227 1712; x_wconf 86' lang='lat' dir='ltr'>naturam</span> <span class='ocrx_word' id='word_1_240' title='bbox 236 1690 246 1712; x_wconf 86' lang='lat' dir='ltr'>a</span> <span class='ocrx_word' id='word_1_241' title='bbox 254 1679 304 1714; x_wconf 88' lang='lat' dir='ltr'>Patre</span> <span class='ocrx_word' id='word_1_242' title='bbox 316 1691 382 1714; x_wconf 90' lang='lat' dir='ltr'>summo</span> <span class='ocrx_word' id='word_1_243' title='bbox 395 1680 461 1714; x_wconf 86' lang='lat' dir='ltr'>honore</span> <span class='ocrx_word' id='word_1_244' title='bbox 480 1677 610 1724; x_wconf 83' lang='lat' dir='ltr'>Christologlam</span> <span class='ocrx_word' id='word_1_245' title='bbox 622 1679 666 1713; x_wconf 83' lang='lat' dir='ltr'>inira</span> <span class='ocrx_word' id='word_1_246' title='bbox 678 1681 695 1713; x_wconf 88' lang='lat' dir='ltr'>in</span> <span class='ocrx_word' id='word_1_247' title='bbox 708 1680 753 1713; x_wconf 88' lang='lat' dir='ltr'>notis</span> <span class='ocrx_word' id='word_1_248' title='bbox 767 1679 788 1713; x_wconf 88' lang='lat' dir='ltr'>ad</span> <span class='ocrx_word' id='word_1_249' title='bbox 801 1683 851 1723; x_wconf 88' lang='lat' dir='ltr'>caput</span> 
     </span>
     <span class='ocr_line' id='line_1_25' title="bbox 91 1735 851 1781; baseline 0 -12"><span class='ocrx_word' id='word_1_250' title='bbox 91 1737 161 1770; x_wconf 86' lang='lat' dir='ltr'>allectus</span> <span class='ocrx_word' id='word_1_251' title='bbox 170 1743 200 1771; x_wconf 89' lang='lat' dir='ltr'>est.</span> <span class='ocrx_word' id='word_1_252' title='bbox 219 1737 238 1771; x_wconf 93' lang='lat' dir='ltr'>ln</span> <span class='ocrx_word' id='word_1_253' title='bbox 247 1738 356 1772; x_wconf 87' lang='lat' dir='ltr'>similitudine</span> <span class='ocrx_word' id='word_1_254' title='bbox 365 1743 422 1772; x_wconf 88' lang='lat' dir='ltr'>autern</span> <span class='ocrx_word' id='word_1_255' title='bbox 432 1738 461 1772; x_wconf 93' lang='lat' dir='ltr'>illa</span> <span class='ocrx_word' id='word_1_256' title='bbox 479 1747 553 1781; x_wconf 87' lang='lat' dir='ltr'>sequens</span> <span class='ocrx_word' id='word_1_257' title='bbox 578 1736 737 1771; x_wconf 87' lang='lat' dir='ltr'>demonstrabimus.</span> <span class='ocrx_word' id='word_1_258' title='bbox 758 1757 790 1775; x_wconf 60' lang='grc'>-,</span> <span class='ocrx_word' id='word_1_259' title='bbox 807 1735 851 1770; x_wconf 89' lang='lat' dir='ltr'>Olim</span> 
     </span>
     <span class='ocr_line' id='line_1_26' title="bbox 91 1794 850 1841; baseline 0.003 -15"><span class='ocrx_word' id='word_1_260' title='bbox 91 1800 158 1837; x_wconf 86' lang='lat' dir='ltr'>praeter</span> <span class='ocrx_word' id='word_1_261' title='bbox 176 1798 270 1830; x_wconf 70' lang='lat' dir='ltr'>pontinum</span> <span class='ocrx_word' id='word_1_262' title='bbox 288 1802 305 1829; x_wconf 89' lang='lat' dir='ltr'>et</span> <span class='ocrx_word' id='word_1_263' title='bbox 321 1808 394 1831; x_wconf 84' lang='lat' dir='ltr'>sarcum</span> <span class='ocrx_word' id='word_1_264' title='bbox 410 1797 460 1830; x_wconf 85' lang='lat' dir='ltr'>etiam</span> <span class='ocrx_word' id='word_1_265' title='bbox 480 1807 517 1841; x_wconf 82' lang='lat' dir='ltr'>cunr</span> <span class='ocrx_word' id='word_1_266' title='bbox 531 1794 600 1836; x_wconf 84' lang='lat' dir='ltr'>Grotio,</span> <span class='ocrx_word' id='word_1_267' title='bbox 613 1794 672 1838; x_wconf 82' lang='lat' dir='ltr'>Bulla,</span> <span class='ocrx_word' id='word_1_268' title='bbox 686 1796 754 1840; x_wconf 83' lang='lat' dir='ltr'>lttigio,</span> <span class='ocrx_word' id='word_1_269' title='bbox 773 1794 850 1829; x_wconf 81' lang='lat' dir='ltr'>llldhlero</span> 
     </span>
     <span class='ocr_line' id='line_1_27' title="bbox 91 1851 850 1898; baseline 0.001 -15"><span class='ocrx_word' id='word_1_270' title='bbox 91 1852 112 1884; x_wconf 91' lang='lat' dir='ltr'>de</span> <span class='ocrx_word' id='word_1_271' title='bbox 130 1853 163 1885; x_wconf 87' lang='lat' dir='ltr'>alia</span> <span class='ocrx_word' id='word_1_272' title='bbox 180 1853 252 1897; x_wconf 90' lang='lat' dir='ltr'>quadarn</span> <span class='ocrx_word' id='word_1_273' title='bbox 270 1863 344 1897; x_wconf 87' lang='lat' dir='ltr'>persona</span> <span class='ocrx_word' id='word_1_274' title='bbox 362 1854 380 1887; x_wconf 88' lang='lat' dir='ltr'>fit</span> <span class='ocrx_word' id='word_1_275' title='bbox 398 1864 460 1896; x_wconf 78' lang='lat' dir='ltr'>serm0,</span> <span class='ocrx_word' id='word_1_276' title='bbox 480 1853 569 1897; x_wconf 80' lang='lat' dir='ltr'>(Athenas.</span> <span class='ocrx_word' id='word_1_277' title='bbox 582 1851 600 1885; x_wconf 85' lang='lat' dir='ltr'>T.</span> <span class='ocrx_word' id='word_1_278' title='bbox 614 1852 626 1885; x_wconf 95' lang='grc' dir='ltr'>Ι.</span> <span class='ocrx_word' id='word_1_279' title='bbox 640 1864 656 1897; x_wconf 90' lang='lat' dir='ltr'>p.</span> <span class='ocrx_word' id='word_1_280' title='bbox 670 1853 712 1898; x_wconf 78' lang='lat'>17),</span> <span class='ocrx_word' id='word_1_281' title='bbox 725 1852 850 1897; x_wconf 84' lang='lat' dir='ltr'>Baumgarten-</span> 
     </span>
     <span class='ocr_line' id='line_1_28' title="bbox 91 1908 849 1955; baseline 0 -13"><span class='ocrx_word' id='word_1_282' title='bbox 91 1921 134 1954; x_wconf 91' lang='lat' dir='ltr'>quae</span> <span class='ocrx_word' id='word_1_283' title='bbox 147 1912 311 1946; x_wconf 77' lang='lat' dir='ltr'>nonrinaturFilins</span> <span class='ocrx_word' id='word_1_284' title='bbox 325 1914 421 1947; x_wconf 82' lang='lat' dir='ltr'>ethaeros.</span> <span class='ocrx_word' id='word_1_285' title='bbox 442 1911 460 1945; x_wconf 90' lang='lat' dir='ltr'>ln</span> <span class='ocrx_word' id='word_1_286' title='bbox 480 1909 539 1944; x_wconf 84' lang='lat' dir='ltr'>Crusio</span> <span class='ocrx_word' id='word_1_287' title='bbox 557 1908 654 1954; x_wconf 82' lang='lat' dir='ltr'>(Lehrhuch</span> <span class='ocrx_word' id='word_1_288' title='bbox 668 1910 698 1944; x_wconf 90' lang='lat' dir='ltr'>der</span> <span class='ocrx_word' id='word_1_289' title='bbox 711 1909 849 1955; x_wconf 82' lang='lat' dir='ltr'>Dogmengesch.</span> 
     </span>
     <span class='ocr_line' id='line_1_29' title="bbox 91 1966 850 2013; baseline 0.003 -14"><span class='ocrx_word' id='word_1_290' title='bbox 91 1966 204 2011; x_wconf 84' lang='lat' dir='ltr'>explicatione</span> <span class='ocrx_word' id='word_1_291' title='bbox 216 1968 330 2002; x_wconf 85' lang='lat' dir='ltr'>similitudinis</span> <span class='ocrx_word' id='word_1_292' title='bbox 343 1970 371 2003; x_wconf 92' lang='lat' dir='ltr'>hic</span> <span class='ocrx_word' id='word_1_293' title='bbox 379 1969 432 2003; x_wconf 90' lang='lat' dir='ltr'>Filius</span> <span class='ocrx_word' id='word_1_294' title='bbox 445 1975 462 2003; x_wconf 85' lang='lat' dir='ltr'>et</span> <span class='ocrx_word' id='word_1_295' title='bbox 480 1968 497 2001; x_wconf 90' lang='lat' dir='ltr'>T.</span> <span class='ocrx_word' id='word_1_296' title='bbox 505 1967 525 2003; x_wconf 90' lang='lat' dir='ltr'>II.</span> <span class='ocrx_word' id='word_1_297' title='bbox 532 1980 548 2012; x_wconf 94' lang='lat' dir='ltr'>p.</span> <span class='ocrx_word' id='word_1_298' title='bbox 556 1967 616 2013; x_wconf 81' lang='lat'>1052),</span> <span class='ocrx_word' id='word_1_299' title='bbox 625 1966 758 2011; x_wconf 75' lang='lat' dir='ltr'>lachmauno,(l</span> <span class='ocrx_word' id='word_1_300' title='bbox 766 1979 780 2003; x_wconf 89' lang='lat' dir='ltr'>c.</span> <span class='ocrx_word' id='word_1_301' title='bbox 788 1980 804 2013; x_wconf 94' lang='lat' dir='ltr'>p.</span> <span class='ocrx_word' id='word_1_302' title='bbox 812 1968 850 2011; x_wconf 76' lang='lat'>70),</span> 
     </span>
     <span class='ocr_line' id='line_1_30' title="bbox 90 2024 850 2070; baseline 0.003 -13"><span class='ocrx_word' id='word_1_303' title='bbox 90 2024 152 2058; x_wconf 83' lang='lat' dir='ltr'>haeres</span> <span class='ocrx_word' id='word_1_304' title='bbox 164 2037 273 2070; x_wconf 87' lang='lat' dir='ltr'>summopere</span> <span class='ocrx_word' id='word_1_305' title='bbox 286 2026 386 2061; x_wconf 87' lang='lat' dir='ltr'>discernitur</span> <span class='ocrx_word' id='word_1_306' title='bbox 399 2027 461 2060; x_wconf 87' lang='lat' dir='ltr'>aFilio</span> <span class='ocrx_word' id='word_1_307' title='bbox 480 2025 598 2059; x_wconf 88' lang='lat' dir='ltr'>Schliemanno</span> <span class='ocrx_word' id='word_1_308' title='bbox 620 2025 656 2069; x_wconf 84' lang='lat' dir='ltr'>[die</span> <span class='ocrx_word' id='word_1_309' title='bbox 677 2024 796 2059; x_wconf 85' lang='lat' dir='ltr'>Clementinen</span> <span class='ocrx_word' id='word_1_310' title='bbox 817 2031 850 2059; x_wconf 86' lang='lat' dir='ltr'>etc.</span> 
     </span>
     <span class='ocr_line' id='line_1_31' title="bbox 91 2082 851 2129; baseline 0.005 -14"><span class='ocrx_word' id='word_1_311' title='bbox 91 2082 125 2116; x_wconf 85' lang='lat' dir='ltr'>Dei</span> <span class='ocrx_word' id='word_1_312' title='bbox 138 2083 157 2126; x_wconf 87' lang='lat' dir='ltr'>[i.</span> <span class='ocrx_word' id='word_1_313' title='bbox 168 2094 183 2116; x_wconf 87' lang='lat' dir='ltr'>e.</span> <span class='ocrx_word' id='word_1_314' title='bbox 194 2082 270 2126; x_wconf 90' lang='lat' dir='ltr'>Christo,</span> <span class='ocrx_word' id='word_1_315' title='bbox 283 2086 352 2127; x_wconf 83' lang='lat' dir='ltr'>servo),</span> <span class='ocrx_word' id='word_1_316' title='bbox 367 2091 383 2118; x_wconf 91' lang='lat' dir='ltr'>et</span> <span class='ocrx_word' id='word_1_317' title='bbox 391 2091 461 2119; x_wconf 84' lang='lat' dir='ltr'>vocatur</span> <span class='ocrx_word' id='word_1_318' title='bbox 479 2095 496 2127; x_wconf 94' lang='lat' dir='ltr'>p.</span> <span class='ocrx_word' id='word_1_319' title='bbox 504 2083 547 2129; x_wconf 74' lang='lat'>423]</span> <span class='ocrx_word' id='word_1_320' title='bbox 561 2090 578 2117; x_wconf 90' lang='lat' dir='ltr'>et</span> <span class='ocrx_word' id='word_1_321' title='bbox 590 2084 626 2117; x_wconf 90' lang='lat' dir='ltr'>aliis</span> <span class='ocrx_word' id='word_1_322' title='bbox 635 2083 666 2117; x_wconf 91' lang='lat' dir='ltr'>suh</span> <span class='ocrx_word' id='word_1_323' title='bbox 675 2084 760 2118; x_wconf 84' lang='lat' dir='ltr'>vocabulo</span> <span class='ocrx_word' id='word_1_324' title='bbox 769 2086 851 2128; x_wconf 77' lang='lat' dir='ltr'>Spiritus</span> 
     </span>
     <span class='ocr_line' id='line_1_32' title="bbox 91 2140 850 2186; baseline 0.004 -14"><span class='ocrx_word' id='word_1_325' title='bbox 91 2140 120 2172; x_wconf 92' lang='lat' dir='ltr'>ille</span> <span class='ocrx_word' id='word_1_326' title='bbox 132 2143 213 2185; x_wconf 79' lang='lat' dir='ltr'>Spiritus</span> <span class='ocrx_word' id='word_1_327' title='bbox 226 2148 306 2176; x_wconf 83' lang='lat' dir='ltr'>suttctns.</span> <span class='ocrx_word' id='word_1_328' title='bbox 326 2142 419 2176; x_wconf 88' lang='lat' dir='ltr'>Praesente</span> <span class='ocrx_word' id='word_1_329' title='bbox 428 2142 461 2176; x_wconf 92' lang='lat' dir='ltr'>hoc</span> <span class='ocrx_word' id='word_1_330' title='bbox 479 2144 538 2176; x_wconf 73' lang='lat' dir='ltr'>soracti</span> <span class='ocrx_word' id='word_1_331' title='bbox 553 2141 681 2186; x_wconf 83' lang='lat' dir='ltr'>intelligendam</span> <span class='ocrx_word' id='word_1_332' title='bbox 698 2152 737 2175; x_wconf 89' lang='lat' dir='ltr'>esse</span> <span class='ocrx_word' id='word_1_333' title='bbox 753 2142 850 2186; x_wconf 85' lang='lat' dir='ltr'>putavimus</span> 
     </span>
     <span class='ocr_line' id='line_1_33' title="bbox 92 2197 850 2246; baseline 0.005 -16"><span class='ocrx_word' id='word_1_334' title='bbox 92 2198 156 2242; x_wconf 85' lang='lat' dir='ltr'>Spiritu</span> <span class='ocrx_word' id='word_1_335' title='bbox 169 2204 227 2231; x_wconf 89' lang='lat' dir='ltr'>sancto</span> <span class='ocrx_word' id='word_1_336' title='bbox 240 2204 257 2231; x_wconf 90' lang='lat' dir='ltr'>et</span> <span class='ocrx_word' id='word_1_337' title='bbox 268 2201 387 2242; x_wconf 88' lang='lat' dir='ltr'>praesentibus</span> <span class='ocrx_word' id='word_1_338' title='bbox 397 2201 461 2246; x_wconf 80' lang='lat' dir='ltr'>augelis</span> <span class='ocrx_word' id='word_1_339' title='bbox 480 2201 589 2234; x_wconf 79' lang='lat' dir='ltr'>diuinitatem</span> <span class='ocrx_word' id='word_1_340' title='bbox 603 2201 679 2242; x_wconf 79' lang='lat' dir='ltr'>Olaristi,</span> <span class='ocrx_word' id='word_1_341' title='bbox 696 2197 726 2232; x_wconf 72' lang='lat' dir='ltr'>ro&#39;u</span> <span class='ocrx_word' id='word_1_342' title='bbox 737 2198 804 2244; x_wconf 76' lang='grc' dir='ltr'><em>Λόγον,</em></span> <span class='ocrx_word' id='word_1_343' title='bbox 822 2200 850 2245; x_wconf 88' lang='lat' dir='ltr'>qui</span> 
     </span>
     <span class='ocr_line' id='line_1_34' title="bbox 91 2249 849 2301; baseline 0 -11"><span class='ocrx_word' id='word_1_344' title='bbox 91 2268 152 2291; x_wconf 79' lang='lat' dir='ltr'>seruus</span> <span class='ocrx_word' id='word_1_345' title='bbox 168 2256 198 2288; x_wconf 90' lang='lat' dir='ltr'>ille</span> <span class='ocrx_word' id='word_1_346' title='bbox 212 2254 286 2288; x_wconf 86' lang='lat' dir='ltr'>Christus</span> <span class='ocrx_word' id='word_1_347' title='bbox 304 2257 398 2291; x_wconf 86' lang='lat' dir='ltr'>aDomino</span> <span class='ocrx_word' id='word_1_348' title='bbox 412 2259 461 2292; x_wconf 86' lang='lat' dir='ltr'>exal-</span> <span class='ocrx_word' id='word_1_349' title='bbox 480 2263 497 2289; x_wconf 88' lang='lat' dir='ltr'>et</span> <span class='ocrx_word' id='word_1_350' title='bbox 510 2256 552 2289; x_wconf 85' lang='lat' dir='ltr'>alias</span> <span class='ocrx_word' id='word_1_351' title='bbox 566 2268 581 2290; x_wconf 92' lang='lat' dir='ltr'>e.</span> <span class='ocrx_word' id='word_1_352' title='bbox 594 2268 610 2301; x_wconf 83' lang='lat' dir='ltr'>g.</span> <span class='ocrx_word' id='word_1_353' title='bbox 624 2268 633 2290; x_wconf 87' lang='lat' dir='ltr'>a</span> <span class='ocrx_word' id='word_1_354' title='bbox 646 2256 749 2291; x_wconf 76' lang='lat' dir='ltr'>Tertulliano</span> <span class='ocrx_word' id='word_1_355' title='bbox 762 2249 794 2301; x_wconf 75' lang='lat' dir='ltr'>¹(de</span> <span class='ocrx_word' id='word_1_356' title='bbox 807 2263 849 2291; x_wconf 87' lang='lat' dir='ltr'>orat.</span> 
     </span>
     <span class='ocr_line' id='line_1_35' title="bbox 91 2313 849 2361; baseline 0.001 -14"><span class='ocrx_word' id='word_1_357' title='bbox 91 2320 136 2347; x_wconf 87' lang='lat' dir='ltr'>tatur</span> <span class='ocrx_word' id='word_1_358' title='bbox 145 2319 162 2347; x_wconf 86' lang='lat' dir='ltr'>et</span> <span class='ocrx_word' id='word_1_359' title='bbox 171 2313 255 2346; x_wconf 81' lang='lat' dir='ltr'>cohaeres</span> <span class='ocrx_word' id='word_1_360' title='bbox 265 2313 366 2357; x_wconf 87' lang='lat' dir='ltr'>declaratur,</span> <span class='ocrx_word' id='word_1_361' title='bbox 379 2316 461 2349; x_wconf 86' lang='lat' dir='ltr'>cohaeres</span> <span class='ocrx_word' id='word_1_362' title='bbox 480 2325 494 2347; x_wconf 91' lang='lat' dir='ltr'>e.</span> <span class='ocrx_word' id='word_1_363' title='bbox 506 2314 523 2355; x_wconf 86' lang='lat' dir='ltr'>l]</span> <span class='ocrx_word' id='word_1_364' title='bbox 537 2313 558 2347; x_wconf 87' lang='lat' dir='ltr'>ab</span> <span class='ocrx_word' id='word_1_365' title='bbox 566 2313 658 2358; x_wconf 74' lang='lat' dir='ltr'>Hippolyto</span> <span class='ocrx_word' id='word_1_366' title='bbox 667 2314 715 2358; x_wconf 85' lang='lat' dir='ltr'>(adv.</span> <span class='ocrx_word' id='word_1_367' title='bbox 723 2314 796 2348; x_wconf 79' lang='lat' dir='ltr'>nostum</span> <span class='ocrx_word' id='word_1_368' title='bbox 806 2326 820 2348; x_wconf 89' lang='lat' dir='ltr'>c.</span> <span class='ocrx_word' id='word_1_369' title='bbox 830 2315 849 2361; x_wconf 78' lang='lat' dir='ltr'>l]</span> 
     </span>
     <span class='ocr_line' id='line_1_36' title="bbox 91 2370 850 2418; baseline 0.003 -14"><span class='ocrx_word' id='word_1_370' title='bbox 91 2373 158 2416; x_wconf 86' lang='lat' dir='ltr'>spiritui</span> <span class='ocrx_word' id='word_1_371' title='bbox 166 2377 232 2414; x_wconf 91' lang='lat' dir='ltr'>sancto,</span> <span class='ocrx_word' id='word_1_372' title='bbox 241 2372 252 2405; x_wconf 91' lang='lat' dir='ltr'>i.</span> <span class='ocrx_word' id='word_1_373' title='bbox 263 2382 277 2404; x_wconf 88' lang='lat' dir='ltr'>e.</span> <span class='ocrx_word' id='word_1_374' title='bbox 288 2370 364 2406; x_wconf 87' lang='lat' dir='ltr'>Christus</span> <span class='ocrx_word' id='word_1_375' title='bbox 372 2374 462 2407; x_wconf 87' lang='lat' dir='ltr'>assumitur</span> <span class='ocrx_word' id='word_1_376' title='bbox 481 2377 498 2404; x_wconf 84' lang='lat' dir='ltr'>et</span> <span class='ocrx_word' id='word_1_377' title='bbox 510 2383 520 2404; x_wconf 92' lang='lat' dir='ltr'>a</span> <span class='ocrx_word' id='word_1_378' title='bbox 529 2371 624 2416; x_wconf 87' lang='lat' dir='ltr'>Theophilo</span> <span class='ocrx_word' id='word_1_379' title='bbox 633 2371 740 2406; x_wconf 86' lang='lat' dir='ltr'>Antiocheno</span> <span class='ocrx_word' id='word_1_380' title='bbox 753 2373 784 2418; x_wconf 87' lang='lat' dir='ltr'>[ad</span> <span class='ocrx_word' id='word_1_381' title='bbox 793 2376 850 2407; x_wconf 89' lang='lat' dir='ltr'>Auto-</span> 
     </span>
     <span class='ocr_line' id='line_1_37' title="bbox 92 2428 849 2475; baseline 0.003 -13"><span class='ocrx_word' id='word_1_382' title='bbox 92 2432 109 2462; x_wconf 93' lang='lat' dir='ltr'>iu</span> <span class='ocrx_word' id='word_1_383' title='bbox 128 2429 187 2462; x_wconf 85' lang='lat' dir='ltr'>coelos</span> <span class='ocrx_word' id='word_1_384' title='bbox 208 2435 225 2462; x_wconf 89' lang='lat' dir='ltr'>et</span> <span class='ocrx_word' id='word_1_385' title='bbox 245 2429 318 2462; x_wconf 82' lang='lat' dir='ltr'>huutana</span> <span class='ocrx_word' id='word_1_386' title='bbox 337 2440 406 2474; x_wconf 85' lang='lat' dir='ltr'>quoque</span> <span class='ocrx_word' id='word_1_387' title='bbox 426 2430 462 2472; x_wconf 87' lang='lat' dir='ltr'>ejus</span> <span class='ocrx_word' id='word_1_388' title='bbox 480 2430 513 2472; x_wconf 78' lang='lat' dir='ltr'>lyc.</span> <span class='ocrx_word' id='word_1_389' title='bbox 526 2429 555 2462; x_wconf 92' lang='lat' dir='ltr'>lih.</span> <span class='ocrx_word' id='word_1_390' title='bbox 568 2428 588 2461; x_wconf 87' lang='grc' dir='ltr'>ΙΙ.</span> <span class='ocrx_word' id='word_1_391' title='bbox 603 2441 617 2462; x_wconf 87' lang='lat' dir='ltr'>c.</span> <span class='ocrx_word' id='word_1_392' title='bbox 631 2429 660 2471; x_wconf 85' lang='lat' dir='ltr'>lo)</span> <span class='ocrx_word' id='word_1_393' title='bbox 678 2430 749 2475; x_wconf 88' lang='lat' dir='ltr'>Spiritus</span> <span class='ocrx_word' id='word_1_394' title='bbox 764 2430 798 2463; x_wconf 89' lang='lat' dir='ltr'>Dei</span> <span class='ocrx_word' id='word_1_395' title='bbox 814 2442 849 2465; x_wconf 84' lang='lat' dir='ltr'>vo-</span> 
     </span>
     <span class='ocr_line' id='line_1_38' title="bbox 91 2486 849 2532; baseline 0.005 -12"><span class='ocrx_word' id='word_1_396' title='bbox 91 2494 152 2520; x_wconf 90' lang='lat' dir='ltr'>natura</span> <span class='ocrx_word' id='word_1_397' title='bbox 165 2487 241 2530; x_wconf 72' lang='lat' dir='ltr'>(seruus)</span> <span class='ocrx_word' id='word_1_398' title='bbox 254 2487 462 2532; x_wconf 81' lang='lat' dir='ltr'>diuinihonorisfitpar-</span> <span class='ocrx_word' id='word_1_399' title='bbox 481 2492 534 2520; x_wconf 88' lang='lat' dir='ltr'>catur.</span> <span class='ocrx_word' id='word_1_400' title='bbox 563 2486 616 2520; x_wconf 90' lang='lat' dir='ltr'>Simili</span> <span class='ocrx_word' id='word_1_401' title='bbox 636 2487 687 2521; x_wconf 88' lang='lat' dir='ltr'>modo</span> <span class='ocrx_word' id='word_1_402' title='bbox 707 2486 727 2523; x_wconf 84' lang='lat' dir='ltr'>B.</span> <span class='ocrx_word' id='word_1_403' title='bbox 746 2488 807 2523; x_wconf 88' lang='lat' dir='ltr'>Paulus</span> <span class='ocrx_word' id='word_1_404' title='bbox 828 2489 849 2524; x_wconf 89' lang='lat' dir='ltr'>ad</span> 
     </span>
     <span class='ocr_line' id='line_1_39' title="bbox 91 2543 849 2591; baseline 0.003 -12"><span class='ocrx_word' id='word_1_405' title='bbox 91 2548 151 2589; x_wconf 87' lang='lat' dir='ltr'>ticeps.</span> <span class='ocrx_word' id='word_1_406' title='bbox 165 2543 227 2577; x_wconf 87' lang='lat' dir='ltr'>-Ex</span> <span class='ocrx_word' id='word_1_407' title='bbox 244 2545 293 2578; x_wconf 90' lang='lat' dir='ltr'>dictis</span> <span class='ocrx_word' id='word_1_408' title='bbox 310 2552 391 2590; x_wconf 87' lang='lat' dir='ltr'>apparet,</span> <span class='ocrx_word' id='word_1_409' title='bbox 410 2545 462 2580; x_wconf 86' lang='lat' dir='ltr'>valde</span> <span class='ocrx_word' id='word_1_410' title='bbox 480 2545 528 2579; x_wconf 89' lang='lat' dir='ltr'>Rom.</span> <span class='ocrx_word' id='word_1_411' title='bbox 543 2544 559 2588; x_wconf 86' lang='lat'>1,</span> <span class='ocrx_word' id='word_1_412' title='bbox 572 2545 629 2579; x_wconf 70' lang='lat' dir='ltr'>eat</span> <span class='ocrx_word' id='word_1_413' title='bbox 641 2546 729 2591; x_wconf 78' lang='lat' dir='ltr'>distinguit</span> <span class='ocrx_word' id='word_1_414' title='bbox 740 2547 785 2581; x_wconf 84' lang='lat' dir='ltr'>inter</span> <span class='ocrx_word' id='word_1_415' title='bbox 798 2547 849 2581; x_wconf 83' lang='lat' dir='ltr'>Chri-</span> 
     </span>
     <span class='ocr_line' id='line_1_40' title="bbox 93 2600 850 2647; baseline 0 -11"><span class='ocrx_word' id='word_1_416' title='bbox 93 2615 152 2637; x_wconf 89' lang='lat' dir='ltr'>omues</span> <span class='ocrx_word' id='word_1_417' title='bbox 166 2614 233 2645; x_wconf 88' lang='lat' dir='ltr'>errare,</span> <span class='ocrx_word' id='word_1_418' title='bbox 247 2604 274 2647; x_wconf 87' lang='lat' dir='ltr'>qui</span> <span class='ocrx_word' id='word_1_419' title='bbox 287 2603 461 2646; x_wconf 86' lang='lat' dir='ltr'>contenderevelint,</span> <span class='ocrx_word' id='word_1_420' title='bbox 480 2609 523 2637; x_wconf 89' lang='lat' dir='ltr'>stum</span> <span class='ocrx_word' id='word_1_421' title='bbox 547 2602 589 2635; x_wconf 73' lang='lat' dir='ltr'>aurci</span> <span class='ocrx_word' id='word_1_422' title='bbox 612 2600 662 2647; x_wconf 68' lang='grc' dir='ltr'><em>σάρκα</em></span> <span class='ocrx_word' id='word_1_423' title='bbox 682 2608 699 2637; x_wconf 85' lang='lat' dir='ltr'>et</span> <span class='ocrx_word' id='word_1_424' title='bbox 719 2603 761 2636; x_wconf 71' lang='grc' dir='ltr'><em>κατά</em></span> <span class='ocrx_word' id='word_1_425' title='bbox 784 2607 850 2647; x_wconf 69' lang='grc' dir='ltr'><em>πνεῦμα</em></span> 
     </span>
     <span class='ocr_line' id='line_1_41' title="bbox 93 2659 849 2707; baseline 0 -10"><span class='ocrx_word' id='word_1_426' title='bbox 93 2665 160 2697; x_wconf 81' lang='lat' dir='ltr'>Filium</span> <span class='ocrx_word' id='word_1_427' title='bbox 173 2664 206 2697; x_wconf 84' lang='lat' dir='ltr'>Dei</span> <span class='ocrx_word' id='word_1_428' title='bbox 218 2667 235 2695; x_wconf 88' lang='lat' dir='ltr'>et</span> <span class='ocrx_word' id='word_1_429' title='bbox 248 2663 336 2705; x_wconf 78' lang='lat' dir='ltr'>Spiritum</span> <span class='ocrx_word' id='word_1_430' title='bbox 349 2668 432 2697; x_wconf 73' lang='lat' dir='ltr'>soleclum</span> <span class='ocrx_word' id='word_1_431' title='bbox 440 2661 461 2695; x_wconf 86' lang='lat' dir='ltr'>ab</span> <span class='ocrx_word' id='word_1_432' title='bbox 479 2659 569 2706; x_wconf 69' lang='lat' dir='ltr'>dyracium.</span> <span class='ocrx_word' id='word_1_433' title='bbox 588 2661 619 2696; x_wconf 96' lang='lat' dir='ltr'>llle</span> <span class='ocrx_word' id='word_1_434' title='bbox 631 2660 642 2693; x_wconf 77' lang='grc' dir='ltr'><em>ὁ</em></span> <span class='ocrx_word' id='word_1_435' title='bbox 652 2660 694 2694; x_wconf 69' lang='grc' dir='ltr'>κατά</span> <span class='ocrx_word' id='word_1_436' title='bbox 706 2660 756 2707; x_wconf 72' lang='grc' dir='ltr'><strong><em>σάρκα</em></strong></span> <span class='ocrx_word' id='word_1_437' title='bbox 768 2668 794 2696; x_wconf 92' lang='lat' dir='ltr'>est</span> <span class='ocrx_word' id='word_1_438' title='bbox 805 2662 849 2696; x_wconf 85' lang='lat' dir='ltr'>filius</span> 
     </span>
     <span class='ocr_line' id='line_1_42' title="bbox 92 2717 848 2765; baseline 0.003 -12"><span class='ocrx_word' id='word_1_439' title='bbox 92 2720 156 2754; x_wconf 84' lang='lat' dir='ltr'>llerma</span> <span class='ocrx_word' id='word_1_440' title='bbox 168 2719 255 2754; x_wconf 87' lang='lat' dir='ltr'>conlundi.</span> <span class='ocrx_word' id='word_1_441' title='bbox 264 2739 287 2744; x_wconf 91' lang='lat'><em>-</em></span> <span class='ocrx_word' id='word_1_442' title='bbox 295 2719 329 2754; x_wconf 88' lang='lat' dir='ltr'>Sed</span> <span class='ocrx_word' id='word_1_443' title='bbox 342 2720 415 2755; x_wconf 86' lang='lat' dir='ltr'>fortasse</span> <span class='ocrx_word' id='word_1_444' title='bbox 425 2720 462 2765; x_wconf 87' lang='lat' dir='ltr'>quis</span> <span class='ocrx_word' id='word_1_445' title='bbox 479 2719 562 2762; x_wconf 89' lang='lat' dir='ltr'>hominis,</span> <span class='ocrx_word' id='word_1_446' title='bbox 574 2719 603 2753; x_wconf 82' lang='lat' dir='ltr'>liic</span> <span class='ocrx_word' id='word_1_447' title='bbox 615 2717 625 2753; x_wconf 82' lang='lat' dir='ltr'>d</span> <span class='ocrx_word' id='word_1_448' title='bbox 636 2717 678 2752; x_wconf 73' lang='lat' dir='ltr'>aurii</span> <span class='ocrx_word' id='word_1_449' title='bbox 689 2722 755 2764; x_wconf 71' lang='grc' dir='ltr'><em>πνεῦμα</em></span> <span class='ocrx_word' id='word_1_450' title='bbox 766 2735 790 2754; x_wconf 87' lang='lat'><strong><em>=</em></strong></span> <span class='ocrx_word' id='word_1_451' title='bbox 802 2721 848 2755; x_wconf 88' lang='lat' dir='ltr'>divi-</span> 
     </span>
    </p>
   </div>
   <div class='ocr_carea' id='block_1_4' title="bbox 0 0 900 2987">
    <p class='ocr_par' dir='ltr' id='par_1_7' title="bbox 0 0 900 2987">
     <span class='ocr_line' id='line_1_43' title="bbox 0 0 900 2987; baseline 0 0"><span class='ocrx_word' id='word_1_452' title='bbox 0 0 900 2987; x_wconf 95' lang='lat' dir='ltr'> </span> 
     </span>
    </p>
   </div>
  </div>
 </body>
</html>
