1765 2987
235 183 247 217 Ι.
262 182 384 217 ctutttttttts
396 183 427 218 ΑΙ)
440 183 489 220 COR.
501 183 601 219 XIILXIV.
613 183 648 218 XV.
792 185 820 226 73

65 301 127 345 qnos,
144 291 263 343 aequitatem
279 296 299 332 et
314 292 483 346 longanimitatem
499 293 586 346 docens,
607 293 703 347 loquutus
720 296 757 334 est.
788 291 821 334 Sic

64 361 117 401 enim
133 358 192 399 dixit:
200 355 202 359 ’
211 358 216 384 ¹
226 361 360 410 miseremini
377 366 400 401 nt
413 363 582 404 inisericordiam
598 362 757 415 anticipandam
762 375 770 409 ;
786 362 821 401 di-

63 429 145 479 mittite,
161 429 254 470 atrabis
265 430 394 479 diritittotur;
408 431 568 482 promiseritis,
584 433 615 472 ito
629 432 688 473 cobis
701 433 751 484 fiat:
766 430 822 471 sicat

64 499 135 549 datis,
151 498 181 538 ito
195 499 255 549 cobis
270 500 411 548 cottidianam
426 501 600 552 sicatjadicotis,
617 503 648 541 ito
654 500 807 553 judicabimini
813 513 821 548 ;

64 568 120 609 sictut
135 566 220 620 beaipni
232 568 288 618 estis,
305 569 336 609 ito
347 569 493 622 bonipoitntem
503 570 653 620 eaperieraiai5
670 582 712 622 pao
721 580 821 609 dietinaro

64 637 174 686 naetimiai,
198 636 269 677 codam
288 637 349 678 cobis
368 639 529 680 mensurabitur.
561 639 604 679 Hoc
625 643 733 692 praecepto
755 644 775 678 et
790 638 821 677 his

64 707 160 747 mandatis
176 706 298 747 stabiliamus
319 719 356 748 nos
377 708 445 761 ipsos,
469 706 510 748 ²ut
530 709 549 747 in
572 707 686 747 obedientia
707 711 822 747 sanctornm

64 776 190 830 eloquiorum
207 777 257 829 epus,
267 787 317 835 'cum
329 779 382 817 omni
393 777 508 828 humilitate,
524 788 605 829 semper
615 776 745 816 ambutemus,
770 775 823 814 Dicit

64 849 116 888 enirn
131 847 215 887 uerbum
231 850 331 887 sanctum:
348 844 429 897 ³snpar
445 859 504 899 quera
515 846 634 897 respiciam,
651 845 695 886 nisi
706 858 769 896 stuprat·
780 844 822 884 iitr-

63 917 131 956 miicna
147 921 167 956 et
182 916 273 968 quietam
288 923 309 956 et
324 922 442 957 tinnientem
457 927 565 956 sermones
580 915 651 954 meos?

63 1042 113 1083 Xtv.
138 1041 207 1095 dtapis
222 1043 268 1084 Deo
286 1042 424 1085 obediendam
440 1047 477 1093 estj
495 1055 556 1095 qaam
567 1041 691 1083 auctoribus
702 1041 820 1083 seditionis.

121 1122 199 1164 Justum
210 1123 271 1177 igitur
283 1125 365 1178 atpium
377 1129 413 1176 est,
426 1125 462 1164 viri
474 1124 553 1176 fraires,
569 1124 612 1165 Deo
624 1125 690 1177 potius
702 1123 821 1165 obedientes

63 1204 101 1233 nos
117 1205 172 1244 esse,
190 1206 248 1247 qnam
264 1194 284 1233 in
301 1195 394 1247 superbia
411 1200 431 1235 et
446 1192 566 1235 turbulentia
582 1192 712 1233 detestandae
728 1192 821 1233 aemula-

64 1262 124 1301 tionis
145 1261 206 1301 duces
229 1267 249 1302 ct
269 1268 351 1303 autores
372 1265 436 1316 sequi.
466 1264 611 1304 Detrimentum
632 1263 685 1302 enirn
705 1274 745 1302 non
768 1263 820 1312 teve,

63 1330 122 1370 imaro
138 1341 188 1371 vero
204 1331 281 1383 grande
296 1332 407 1384 periculum
423 1332 571 1383 sustinebimus7
588 1332 604 1371 si
615 1331 771 1383 praecipitanter
782 1342 822 1371 vo-

63 1399 170 1439 iuntatibus
187 1399 288 1458 hominum
304 1412 341 1440 nos
358 1401 512 1452 tradiderimus,
535 1401 568 1453 qui
590 1399 613 1440 ad
634 1400 782 1440 contentionem
803 1402 823 1439 et

64 1467 174 1508 seditiones
190 1465 319 1520 tcotttneam,
334 1475 356 1509 ut
366 1482 404 1511 nos
421 1470 445 1510 ab
462 1482 494 1523 co,
511 1469 564 1523 quod
580 1473 656 1510 rectum
669 1473 688 1509 et
698 1469 772 1510 bouum
785 1473 821 1520 est,

40 1532 42 1534 ’
63 1536 181 1577 abalienent.
207 1537 351 1592 Benignierga
369 1537 439 1591 ⁵ipsos
450 1540 519 1590 simus,
535 1539 646 1579 secundum
662 1538 821 1578 misericordiam

62 1611 82 1646 et
105 1606 230 1647 dnlcedinem
252 1609 350 1649 creatoris
366 1609 435 1650 nostri.
466 1609 566 1662 Scriptum
582 1611 613 1648 est
629 1609 693 1648 enim:
716 1605 820 1659 ibenipai

61 1676 145 1717 incolae
161 1682 222 1717 armat
237 1682 318 1728 teri-ae,
340 1679 462 1719 innocentes
482 1679 627 1731 relinquentia·
647 1678 670 1716 in
692 1690 731 1725 en;
752 1676 821 1729 ior'qni

60 1759 111 1786 aero
128 1746 361 1787 examinationum
378 1748 422 1787 itta.
452 1747 478 1788 Et
492 1758 563 1788 rursus
580 1746 638 1786 dicit:
657 1743 718 1787 ⁷aidi
734 1747 820 1797 impiam

60 1814 241 1866 superexaltatam
257 1822 276 1856 et
291 1804 393 1858 elevatum
407 1817 463 1857 sicat
478 1817 554 1856 cestros
569 1815 647 1855 Libani
655 1829 662 1863 ,·
685 1821 705 1855 et
721 1815 819 1865 tratrsiai,

61 1890 82 1925 et
96 1897 155 1936 ecee,
178 1898 221 1926 nora
241 1891 299 1935 aaa·
321 1892 340 1927 et
355 1888 449 1939 quaesiui
466 1886 534 1927 locam
553 1886 625 1936 illias,
649 1891 668 1925 ct
683 1897 726 1925 raon
741 1884 819 1924 inueni.

63 1953 152 1995 Custodi
167 1955 316 2006 innocentiam,
334 1961 354 1996 et
368 1957 417 1996 aide
433 1956 572 2008 oaqiaitotaaa,
589 1956 689 2007 qnoniam
700 1960 750 1994 saint
766 1952 819 1994 8re-

61 2024 140 2076 liquiae
155 2024 233 2065 ttoroini
246 2026 343 2078 pacifico.

60 2150 102 2193 XV.
124 2151 286 2194 Adtiaerendam
297 2158 329 2193 est
339 2152 374 2204 iis,
393 2154 429 2206 pai
436 2166 512 2205 pacem
523 2154 601 2203 uolitatj
618 2165 662 2193 noa
677 2151 712 2202 iis,
729 2151 764 2204 pai
776 2164 821 2191 eam

348 2223 415 2264 colare
430 2224 534 2264 simadont.

119 2304 270 2346 Adhaereamos
281 2304 349 2358 itaque
364 2305 395 2357 iis,
412 2306 445 2359 qui
461 2317 505 2347 cum
521 2305 595 2358 pietate
606 2316 675 2358 pacem
688 2304 761 2355 colunt,
779 2315 819 2343 non

61 2439 130 2485 ἑαυτοῖς,
148 2443 195 2488 quod
206 2444 306 2489 saepissime
319 2454 349 2488 pro
362 2441 442 2485 attinnt
472 2444 492 2489 7)
505 2443 531 2478 us.
545 2443 578 2486 36,
591 2441 666 2476 35-37.
692 2442 739 2475 Haec
758 2446 775 2473 et
788 2450 819 2473 sc-

61 2508 156 2545 usurpatur.
175 2506 272 2536 Jnooason¹
297 2501 331 2535 Sed
348 2512 382 2535 non
398 2508 431 2545 est,
450 2504 519 2547 quentin
532 2513 586 2546 nsque
599 2500 620 2534 ad
634 2500 698 2533 initium
711 2511 725 2533 c.
735 2498 778 2532 XVI.
788 2508 819 2531 re-

62 2570 92 2592 cur
104 2566 192 2594 mutemus.
449 2562 492 2604 petit
501 2563 554 2595 Ciani.
564 2562 615 2594 Alam.
625 2558 685 2591 Strom.
693 2557 721 2599 tv,
730 2557 745 2589 5,
756 2568 771 2600 p.
779 2556 819 2590 577.

85 2617 104 2659 6)
116 2616 167 2652 Prov.
182 2618 199 2661 2,
212 2617 240 2651 21,
254 2618 282 2652 22.
473 2619 492 2660 8]
505 2618 539 2651 Seu
553 2633 576 2648 =
590 2617 685 2660 ruamur-io,
701 2625 731 2648 seu
746 2630 769 2645 =
782 2627 819 2662 po-

438 2678 500 2710 interi.
