1789 2987
88 215 132 259 468

273 211 352 248 00000
364 211 440 247 00000
452 193 481 248 ar
493 195 649 249 0000000000.

112 326 130 354 01
142 319 253 364 discerpimus
266 320 343 354 membra
357 320 428 365 christi,
441 327 458 355 et
476 321 574 366 Spiritus
586 326 653 356 sanctus
668 319 731 354 effusus
747 331 799 365 super
812 321 845 355 ho-

112 383 170 412 coutra
183 379 269 422 proprium
282 390 344 423 eorpus
357 379 457 413 seditionem

111 435 214 470 movemus?
232 436 270 471 116.
295 437 313 470 Si
331 438 368 482 quis
385 438 457 471 schisma

111 494 203 528 facientem
224 500 309 538 sectatur,
335 496 383 539 regni
405 496 457 529 divini

110 552 233 586 haereditatem
246 564 280 587 non
295 554 405 599 consequitur
417 554 457 589 212.

111 610 226 644 Dissensionis
243 622 264 644 ac
276 612 364 645 seditionis
377 617 457 646 auctores

112 669 166 713 sequi,
180 679 230 713 quam
243 669 357 713 periculosum
373 670 400 704 72.
427 670 457 704 Ubi

111 732 137 759 est
154 726 215 759 divisio
232 733 250 760 et
266 729 303 770 ira,
322 728 346 761 ibi
359 728 405 762 Deus
424 739 457 761 non

110 784 177 817 habitat
188 784 228 818 216.
249 785 347 820 Dirisiones
359 786 457 831 fugiendae,

111 849 130 875 ut
142 844 243 887 principium
256 844 339 877 malorum
356 845 396 878 228.
422 844 458 879 ue-

112 902 160 945 01301
176 901 228 934 simus
245 912 285 947 erga
300 902 416 937 schismaticos
429 904 457 937 72.

113 956 146 990 Cir.
160 958 257 994 Haeretici.

55 1013 58 1017 ⁴
88 1015 205 1049 Scientiae
217 1016 281 1061 lignum
294 1017 333 1052 318.

88 1073 220 1117 Scripturae
237 1085 297 1109 sacrae
313 1075 351 1110 libri
366 1082 405 1110 sunt
418 1088 457 1111 vera

112 1131 182 1175 Spiritus
196 1134 250 1166 sancti
265 1135 334 1168 oracula
348 1135 387 1169 tts.
407 1135 426 1168 ln
438 1137 458 1169 iis

111 1191 153 1223 nihil
175 1191 255 1234 injustum
279 1202 336 1236 neque
357 1204 457 1237 perversum

111 1250 190 1293 scriptum
200 1254 227 1283 est
235 1251 276 1284 itia.
297 1250 392 1295 Scripturas
401 1263 458 1286 sacras

111 1306 186 1352 ignatius
198 1309 320 1352 interpretatur
331 1310 371 1344 244.
390 1309 457 1343 Novum

111 1364 238 1399 Testamentum
245 1372 317 1400 vocatur
324 1367 409 1412 Scriptura
419 1370 457 1403 1311.

57 1444 58 1447 =
88 1422 191 1457 Seculum
209 1435 291 1467 praeseus
309 1431 326 1459 et
339 1426 412 1460 futurum
425 1427 458 1460 dito

111 1482 175 1514 inimici
189 1482 228 1515 141).

89 1539 227 1574 Seditiones
241 1541 268 1574 56.
282 1540 320 1575 too.

89 1598 115 1631 Se
120 1600 172 1642 piae
186 1609 225 1632 usus
237 1601 299 1632 vetitus
313 1599 382 1632 10010010
396 1600 424 1633 21.

89 1656 186 1701 Serpens
205 1667 268 1690 aeneus
288 1677 308 1682 —
327 1662 377 1701 typus
397 1658 457 1691 Christi

112 1715 140 1748 32.

88 1773 160 1806 Servo
179 1778 197 1806 et
215 1774 288 1807 ancillae
306 1785 329 1808 ne
347 1775 422 1819 imperes
441 1775 457 1808 in

111 1832 224 1865 amaritudine
237 1832 265 1865 46.
287 1831 350 1866 Servos
363 1838 380 1866 et
389 1832 458 1866 ancilias

111 1901 134 1923 ne
152 1896 250 1923 contemnas
266 1890 306 1925 238.
332 1891 380 1924 Servi
396 1895 413 1923 et
426 1902 457 1923 an-

111 1948 162 1981 cillae
174 1959 196 1981 ne
209 1949 309 1993 superbiant
321 1951 372 1990 ibid3
390 1960 411 1982 ne
425 1949 457 1982 de-

112 2006 197 2047 siderent,
216 2006 333 2039 comnruuibus
350 2007 431 2040 sumtibus
448 2017 458 2039 e

111 2065 193 2097 servitute
210 2054 281 2106 redimi,
302 2076 324 2098 ne
342 2066 388 2098 servi
406 2066 457 2098 iuve-

111 2123 179 2154 niantur
193 2122 287 2166 cupiditatis
299 2125 341 2157 ibid.

89 2179 198 2212 Socrates
215 2180 315 2214 christianus
328 2180 404 2215 Corinthi
417 2181 457 2215 294.

89 2237 174 2280 Sibylla
188 2236 228 2271 329.

88 2295 107 2327 Σ
111 2293 145 2338 ²74
162 2295 198 2329 178.

500 381 554 414 mines
563 380 590 414 54.
608 379 679 424 Spiritus
687 378 720 412 Dei
730 379 780 412 estin
789 379 845 422 nobis,

500 444 517 472 et
526 450 576 484 quum
584 438 664 480 vetuerit,
674 437 720 470 Deus
729 436 795 470 auferet
807 448 844 471 eum

499 497 527 530 84.
541 497 612 542 Spiritus
618 496 650 528 Dei
658 498 675 529 10
684 495 779 528 hominibus
787 494 845 527 367-

499 555 538 589 371.
564 555 633 600 Spiritus
646 560 723 597 sanctus,
740 553 769 599 qui
781 552 846 587 habitat

499 614 517 646 10
529 619 553 656 te,
566 612 637 646 mundus
650 613 690 654 erit,
704 617 721 645 et
733 622 767 645 non
780 611 845 645 obseu-

499 671 563 705 rabitur
576 670 662 715 abaliquo
672 670 775 715 nequissimo
786 671 845 715 spiritu

499 729 539 763 353.
564 728 579 762 A
598 727 687 762 Clemente
706 727 782 761 Bouiano
802 730 845 772 (non

500 782 520 821 ab
539 786 609 824 Hermai
631 786 687 820 diuina
705 785 767 819 Christi
785 792 846 820 natura

499 850 570 879 vocatur
584 844 655 888 Spiritus
669 850 736 878 sanctus
753 845 792 879 444.
807 846 844 879 445.

500 909 535 937 not.
559 903 574 936 7.
596 902 636 936 386.
672 902 743 936 Hermas
766 904 845 948 Spiritum

500 966 576 995 sanetum
594 971 628 994 non
646 961 735 995 confundit
752 973 790 995 cum
802 962 845 995 Filio

500 1018 846 1054 Deissssss.uunuernasmaamauomn

500 1078 581 1122 Spiritus
590 1078 650 1112 000011
658 1075 720 1109 doceat
729 1076 794 1121 388sq.
807 1078 845 1112 Hu-

499 1145 560 1168 manae
574 1133 635 1167 Christi
651 1140 722 1168 naturae
737 1135 803 1169 infusus
820 1141 846 1169 est

500 1193 571 1237 Spiritus
584 1197 651 1225 sanctus
665 1192 704 1225 388.
723 1192 756 1226 Per
765 1193 845 1238 Spiritum

499 1257 576 1285 sanctum
586 1250 632 1284 Deus
645 1251 661 1283 in
672 1252 727 1284 veteri
737 1245 845 1284 Testamenta

500 1310 521 1343 ad
534 1320 565 1343 nos
579 1315 604 1342 est
616 1309 683 1343 locutus
697 1309 726 1343 86.
739 1309 779 1343 teu.
804 1309 846 1342 Cum

500 1373 545 1401 certa
556 1366 627 1411 Spiritus
640 1368 694 1400 sancti
707 1366 767 1400 fiducia
781 1368 846 1411 egressi

500 1431 538 1459 sunt
563 1424 641 1469 Apostoli
665 1424 685 1457 ad
710 1425 845 1459 annunciandum

499 1483 611 1528 Evangelium
626 1482 664 1516 110,
690 1482 762 1527 Spiritus
777 1487 846 1516 sanctus

500 1544 596 1575 nominatur
610 1542 648 1574 116.
662 1541 706 1582 1823
724 1546 742 1574 et
760 1542 776 1573 in
789 1541 845 1573 uano-

499 1601 550 1644 logiis
576 1600 616 1632 254.
641 1599 681 1633 294,
706 1599 746 1632 292.
772 1604 807 1631 not.
828 1598 845 1631 4.

500 1659 569 1699 illisum,
588 1657 633 1701 quod
651 1657 722 1701 Spiritus
739 1657 793 1690 sancti
811 1666 845 1689 nou

499 1717 528 1749 hat
546 1717 609 1749 mentio
627 1727 641 1748 c.
660 1716 682 1748 42
700 1715 721 1748 ad
737 1714 786 1748 Trall.
807 1713 845 1747 194.

498 1774 605 1817 Incorruptio
623 1784 655 1818 per
671 1774 751 1816 Spiritum
769 1778 845 1805 sanetum

499 1831 539 1865 286.
572 1830 634 1875 Spiritu
659 1836 718 1864 saneto
747 1829 845 1873 impellente

499 1890 573 1934 Ignatius
584 1889 734 1937 Philadelphenses
748 1888 846 1921 adhortatur

499 1948 539 1981 216.
565 1947 636 1991 Spiritus
653 1957 686 1979 nou
705 1947 789 1990 decipitur
804 1948 845 1981 ibid.

500 2006 514 2038 Α
524 2005 562 2038 Deo
571 2011 617 2038 ortus
628 2010 653 2037 est
663 2006 704 2038 ibid.
726 2003 786 2037 Nonne
795 2014 845 2036 unum

500 2063 555 2096 Deum
568 2068 586 2096 et
594 2073 644 2095 unum
654 2061 738 2095 Christum
750 2061 846 2094 habemus?

500 2121 561 2155 Nonne
580 2133 622 2155 unus
641 2126 667 2153 est
685 2120 756 2163 Spiritus
773 2120 845 2163 gratiae,

500 2183 527 2225 qui
546 2190 598 2223 snper
615 2189 647 2212 nos
668 2179 730 2211 effusus
748 2176 787 2210 est?
807 2176 845 2210 116.

500 2238 572 2281 Spiritus
584 2238 638 2270 saneti
651 2236 718 2270 oracula
734 2240 773 2269 suut
786 2245 845 2268 sacrae

499 2297 593 2339 scripturae
606 2295 646 2329 114.

88 2353 125 2387 Sol
138 2360 155 2387 et
167 2353 213 2387 Luna
227 2359 245 2387 et
261 2354 336 2388 siderum
352 2354 409 2397 chori,
428 2366 458 2389 se-
476 2355 574 2398 Spiritus
588 2368 611 2383 =
625 2354 695 2386 virtutes
705 2350 845 2385 4204213811.

111 2412 184 2445 cundum
197 2411 229 2445 Dei
242 2411 339 2445 mandatum
355 2411 407 2445 orbes
419 2423 458 2446 suos

498 2418 533 2445 not.
547 2412 574 2455 θ).

110 2472 127 2503 10
146 2471 238 2503 concordia
258 2470 340 2503 evolvunt
360 2469 388 2502 82.
414 2470 459 2504 Solis
476 2466 844 2512 Spiritusexoperibusprobandissfillsq.

111 2528 165 2561 altare
183 2530 199 2561 in
216 2529 259 2562 urbe
271 2527 382 2572 Heliopoleos
397 2528 420 2562 88
432 2539 457 2573 sq.

500 2527 566 2570 Duplex
580 2533 605 2561 est
617 2528 685 2571 spiritus
697 2527 738 2561 ibid.

88 2587 164 2628 Sotio‚
183 2586 266 2620 diaeonus
283 2586 368 2619 eeclesiae
385 2586 458 2631 blegne-
476 2585 558 2629 Sponsi
571 2591 587 2619 ct
600 2596 673 2630 sponsae
683 2585 733 2618 decet
742 2590 761 2618 ut
770 2585 791 2617 de
802 2594 844 2617 sen-

111 2645 175 2677 0100000
189 2644 228 2676 172.

88 2702 149 2745 Spes.
170 2701 203 2742 Qui
212 2703 308 2745 speraverit
316 2704 333 2736 in
342 2702 399 2745 111000,
412 2703 458 2736 vivet

111 2761 127 2792 in
141 2765 230 2798 aeternum,
243 2759 270 2797 10.

500 2645 553 2677 tentia
570 2644 645 2687 episcopi
664 2643 760 2685 eonjugium
776 2641 844 2684 1001001,

499 2707 518 2735 01
526 2703 595 2745 nuptiae
602 2701 695 2735 secundum
705 2701 795 2734 Dominum
804 2701 844 2743 sint,

499 2770 533 2793 non
546 2761 638 2794 seeundum
652 2759 763 2804 cupiditatem
775 2757 816 2794 240.
