1765 2987
180 162 183 166 ⁴
203 160 286 218 tonant
297 176 404 218 Errsroth
416 184 447 218 ΑΙ)
460 152 572 223 nonthnos.
585 186 620 222 VII.
634 186 677 221 vnn
778 186 821 230 207

63 294 131 336 iesum
148 291 258 345 Christum,
279 293 372 333 mundum
389 295 559 348 concupiscentes.
590 295 666 338 invidia
685 295 705 335 in
721 293 779 335 vohis
795 305 821 333 ne

62 364 142 405 habitet.
173 362 255 415 Neque,
274 363 295 403 'si
311 374 350 415 ego
367 375 473 415 praesens,
484 377 520 406 vos
540 378 631 417 orarem,
654 364 745 405 credaIIs.
761 364 808 404 mihi
814 376 820 412 ς

61 436 92 476 his
108 433 186 487 potius,
208 444 259 485 quae
274 432 333 472 vohis
349 433 427 485 scriho,
448 434 539 475 credatis.
571 434 668 475 Vtvens·l
681 434 733 475 enim
751 434 819 474 scribo

61 504 126 554 vohis,
143 498 193 543 mori
209 501 333 542 desiderans.
364 500 443 543 2Αηιοι·
459 516 515 545 meus
529 506 635 549 aucturus
649 510 686 556 est,
701 517 740 545 nec
756 504 819 545 estin

61 586 93 615 me
113 572 166 626 iguis
186 572 282 612 materiae
302 569 397 622 ³amans;
419 573 454 614 sed
474 571 561 614 ‘¹vivens
582 579 602 614 et
621 574 706 627 loquens
727 586 778 626 aqua
799 574 818 613 in

61 655 93 684 me
113 645 155 692 est,
177 641 223 681 mihi
239 641 323 681 interius
339 641 419 682 dicens:
441 643 487 682 veni
508 643 532 681 ad
547 643 631 682 Patrem.
661 643 707 683 Non
729 642 819 682 delector

60 712 153 754 aiimcnto
169 710 298 763 corruptibili,
314 723 381 763 neque
398 711 531 764 voluptatibus
547 712 605 765 hujus
621 712 696 751 umndi.
727 709 819 751 ⁵Panem

60 782 96 822 Dei
107 780 162 832 voio,
173 793 245 833 panem
257 780 372 831 coelestem,
383 792 457 832 panem
466 781 526 831 vitae,
538 781 571 833 qui
582 784 613 820 est
625 792 672 821 caro
681 780 730 822 Jesn
739 780 818 832 Christi,

59 851 93 893 iiiii
109 851 157 902 Dei,
179 851 212 904 qui
232 850 341 904 posteriori
357 854 448 903 tempore
464 863 490 907 cx
505 851 583 890 semiue
598 850 661 892 David
683 854 702 890 et
718 849 818 890 Abraham

59 920 122 967 factus
135 924 178 970 cst3
194 924 214 960 et
225 926 293 974 potum
305 916 357 960 6Dei
368 919 422 972 voio,
438 921 556 975 sanguinem
566 920 640 974 Ipsius,
647 921 681 974 qni
692 923 722 962 est
733 919 818 960 charitas

57 990 213 1044 incorruptibilis
230 995 250 1031 et
264 991 304 1032 vita
320 990 421 1043 perennis.

311 1187 359 1227 VIII.
389 1188 489 1228 Feruentis
505 1189 561 1229 inihi,

117 1265 185 1309 ⁷Noi0
202 1268 284 1321 amptius
301 1265 428 1310 ⁸seoundum
443 1270 535 1311 homines
552 1269 628 1309 atvero.
657 1268 679 1309 Id
695 1272 759 1309 autern
775 1268 816 1320 fret,

56 1339 74 1380 si
88 1350 126 1378 vos
141 1338 252 1379 volueritis.
283 1338 352 1378 Velitis
368 1350 453 1391 precor,
474 1343 495 1378 ut
517 1344 589 1380 etrus
605 1338 766 1379 benevolentiam
782 1339 816 1378 in-

56 1410 146 1451 veniatis.
172 1409 242 1450 Paucis
253 1406 324 1450 litteris
335 1414 382 1463 peto
394 1423 405 1450 a
417 1409 485 1451 vohis:
497 1409 574 1450 credite
584 1408 636 1449 mihi.
656 1408 716 1449 iesus
726 1407 816 1448 ChrIstns

56 1479 119 1519 vohis
130 1478 180 1518 haec
195 1477 308 1531 patefaciet,
325 1479 379 1532 qnod
395 1491 444 1520 vera
459 1479 531 1531 icquar
536 1493 542 1529 ;
558 1479 601 1531 ipse
616 1490 638 1519 os
654 1490 724 1530 verax,
739 1479 760 1517 iu
776 1490 815 1530 quo

54 1548 112 1589 Pater
128 1560 177 1588 vere
192 1546 272 1589 locutus
289 1552 324 1589 est.
351 1548 414 1589 Petite
429 1560 518 1601 prome,
535 1553 557 1589 ut
573 1559 692 1601 consequar.
717 1536 763 1588 Non
778 1559 816 1587 se-

55 1618 141 1659 cundum
158 1629 249 1669 earnem,
272 1617 308 1659 sed
329 1619 439 1659 secundnm
454 1622 540 1658 montom
556 1618 594 1658 Dei
613 1619 671 1660 vohis
686 1617 764 1671 sonpsi.
795 1617 816 1659 Si

54 1688 124 1741 pahar,
140 1688 193 1729 hone
209 1687 256 1727 mihi
272 1687 375 1738 volnistIs3
392 1688 422 1729 sih
438 1688 524 1741 rejiciar,
542 1687 618 1729 odistis.

54 1872 75 1906 ad
91 1873 194 1915 martyrium.
209 1891 230 1897 -
244 1870 277 1905 cn.
291 1874 424 1916 Frotnrmnunn,
443 1872 496 1915 Syrus
508 1883 548 1905 usus
561 1877 588 1906 est
600 1873 654 1916 signis
664 1870 813 1914 interpunctionis,

54 1929 125 1965 Dissert.
136 1931 157 1963 de
167 1940 210 1976 aqua
217 1929 299 1974 ioqucnte
306 1930 327 1964 ad
336 1930 423 1975 ignatium.
443 1940 475 1964 nec
487 1940 521 1964 nun
534 1929 590 1962 omisit
602 1926 651 1973 ἄρτοι]
663 1926 747 1971 οὐράνιον,
764 1925 814 1971 ἄρτον

55 1988 129 2033 coburg.
150 1984 206 2032 Ὓᾶωρ
220 2009 239 2014 -
255 1986 284 2021 τᾶν
301 1991 363 2031 πατέρα
376 1988 425 2022 deest
443 1989 489 2030 ζωῆς,
508 1993 525 2022 et
542 1988 572 2020 τοῦ
590 1986 625 2019 υἱοῦ
638 2007 659 2013 --
673 1983 754 2031 Ἀβραάμ.
779 1985 801 2021 CI
809 2011 813 2020 .

53 2047 70 2079 iu
88 2047 169 2080 versione
186 2046 266 2088 Syriaca,
284 2046 315 2079 sed
332 2047 396 2091 iegitur
408 2047 424 2079 iu
444 2048 534 2091 Iihihoru,
547 2045 560 2078 i.
574 2057 588 2079 c.
601 2057 618 2089 p.
632 2046 660 2079 57.

54 2104 153 2149 fragmentis
174 2102 236 2138 Severi
260 2109 277 2137 et
301 2104 319 2136 fn
342 2105 424 2137 versione
466 2103 485 2146 6)
500 2103 543 2135 Θεοῦ
555 2109 594 2147 post
606 2101 663 2144 πόμα,
676 2102 757 2150 etpaqu
770 2102 813 2135 infra

53 2163 159 2197 Armeniaca.
189 2161 223 2197 ch,
242 2164 359 2206 Putcmnuun,
379 2161 391 2195 i.
409 2172 423 2195 o.
443 2163 470 2193 aut
482 2159 548 2198 ἄένᾶαος
560 2160 591 2204 ζωή
603 2173 636 2196 nec
648 2163 665 2195 iu
679 2161 732 2204 Syro,
750 2171 784 2193 uec
797 2160 813 2193 in

53 2230 70 2264 p.
85 2221 124 2254 172.
393 2257 395 2260 ,
443 2221 498 2254 veteri
510 2221 591 2254 versione
604 2220 656 2255 latina
669 2226 729 2254 exstat.

78 2278 96 2319 5)
110 2277 158 2311 Hunc
174 2276 230 2311 iocum
249 2279 327 2313 Gratius
345 2283 362 2311 et
379 2279 423 2312 Wo-
466 2278 485 2321 7]
500 2276 554 2322 Caput
567 2283 652 2320 octavum,
666 2278 713 2323 quod
723 2279 768 2322 apud
778 2278 813 2322 Sy-

54 2338 120 2372 cherua
138 2337 160 2370 de
178 2334 287 2370 Soc-ramento
305 2335 424 2370 Eucharistiae
442 2348 479 2370 rmn
492 2347 526 2370 non
539 2335 608 2381 iegitur,
622 2336 718 2370 defenditur
732 2336 752 2370 ab
767 2338 812 2372 [ihi-

54 2395 148 2439 erpiicant;
166 2394 257 2438 de'ipsius
270 2394 303 2427 Dei
315 2394 394 2428 fruitione
407 2395 424 2428 in
442 2397 498 2429 horreo
514 2394 526 2427 i.
539 2405 553 2427 c.
571 2406 587 2439 p.
602 2394 623 2427 58
636 2395 672 2438 sp,
692 2399 708 2427 et
725 2399 778 2426 exstat
794 2394 812 2426 iu

55 2452 114 2495 coeio,
132 2463 163 2486 seu
181 2452 202 2485 de
219 2457 289 2485 aeterna
304 2453 376 2486 visionis
391 2451 424 2485 Dei
442 2453 498 2486 veteri
516 2453 597 2486 versione
614 2453 724 2495 Armeniaca,
745 2453 810 2486 Peter-

53 2508 165 2553 beatitudiue,
179 2511 267 2545 nasarius
280 2515 297 2543 et
309 2509 423 2547 Hatiofeiuc.
442 2522 495 2545 anaim
508 2510 519 2544 1,
533 2521 547 2543 c.
561 2521 578 2554 p.
593 2510 625 2543 175
639 2520 676 2554 sqq.
705 2519 708 2521 ·

54 2566 88 2601 Cir.
101 2568 139 2602 Joh.
152 2568 168 2611 6,
178 2568 206 2601 32.
216 2568 244 2601 45.
254 2568 282 2602 5i.
307 2568 359 2611 Syrus
371 2568 423 2613 legit:
466 2569 485 2613 8]
498 2565 548 2600 Κατᾶ
559 2563 659 2609 ἄνθριόπου;,
672 2565 707 2599 κατ’
716 2566 810 2610 ἄνθρωπον,

53 2622 102 2668 ἄρτον
113 2625 146 2659 ost
157 2626 205 2666 uitio,
218 2623 234 2662 ὃς
246 2623 289 2657 ἐστιν
298 2624 336 2671 adp}
345 2628 423 2670 Χριστοῦ,
441 2625 507 2670 phrasis
520 2624 624 2669 Apostolica.
649 2624 683 2658 Cir.
695 2625 744 2659 Rom.
758 2626 780 2670 3,
793 2626 810 2660 5.

53 2684 80 2715 καὶ
98 2682 118 2716 τό
137 2678 178 2727 αἷμα
195 2680 250 2715 antor?-
274 2681 326 2725 Πόμα
345 2685 395 2725 hita,
415 2682 424 2716 ὅ
441 2682 500 2717 [Gor.
514 2682 531 2726 9,
544 2683 560 2717 8.
576 2681 616 2716 Gai.
629 2682 646 2726 3,
660 2683 687 2716 15.

53 2738 96 2774 ἔστιν
116 2740 170 2787 a’pciup
190 2739 276 2786 ἄφθαρτος.
308 2741 351 2775 Attis
372 2742 424 2786 igitur
