1765 2987
264 167 277 201 Ι.
290 165 413 201 onnnlnnns
427 166 456 201 ab
469 167 518 203 Con.
532 168 559 202 Vl.
573 168 608 202 vll.
788 169 815 210 63

173 348 175 350 ’
197 335 228 375 Vl.
254 333 395 375 Continuam.
418 334 490 376 Plures
506 337 544 376 alb
560 342 670 389 iriorlpres.

114 415 167 456 Viris
183 416 226 456 islis
243 419 312 457 sancte
328 415 387 455 vllam
399 417 543 458 insliluenlibns
555 430 625 471 magna
638 419 747 459 eleclormn
759 418 813 459 mul-

56 486 119 528 lilmlo
135 490 246 541 aggregata
263 490 304 537 est,
324 487 357 539 qui
377 485 487 540 ¹supplicia
504 488 563 529 mulla
580 492 599 529 el
615 493 712 530 lonnenla
728 495 812 543 propler

55 557 120 598 zelum
136 557 200 611 passi,
224 556 327 610 exemplar
348 558 442 610 oplimum
463 560 514 599 inler
529 570 566 599 nos
584 559 697 600 exlilerunt.
728 560 812 613 Propler
864 564 866 566 '

55 628 119 669 zelum
139 627 235 668 mulieres
255 628 416 679 persecutionem
438 640 521 681 passae,
544 627 670 668 lbanaulae
692 633 712 669 el
731 629 810 683 Dircae,

54 704 159 753 poslquam
175 698 244 753 grevia
263 701 281 737 el
298 697 384 738 nefumla
400 698 495 752 supplicia
518 698 667 748 suslinuerunl‚
689 698 713 738 acl
735 699 812 739 fimnnm

53 769 99 809 fidei
116 780 196 809 cursum
212 767 351 822 per-ligerum,
371 772 391 808 et
413 768 489 809 debiles
510 780 596 821 corpore
618 768 684 808 nobile
702 769 811 821 praemium

53 839 274 892 accepe1·unl„Zelns
295 850 381 879 imorum
401 839 478 879 animos
501 852 511 879 a
533 838 607 878 marilis
628 837 761 890 malleacen,
793 843 812 879 el

52 908 125 948 dietum
144 909 205 961 palcis
222 908 285 949 noslri
301 909 371 950 Adurni
388 909 481 950 mulavr'l:
505 906 564 949 ³boc
575 910 623 960 jorn
640 921 663 949 os
680 921 707 948 ear
726 909 810 950 ossibus

50 978 113 1029 meis,
131 984 151 1018 el
167 990 217 1019 oool'o
234 992 261 1020 ec
279 992 343 1020 corne
358 992 410 1020 inec.
441 979 499 1021 Zelus
517 983 536 1020 el
552 979 654 1020 conlenlio
671 979 732 1019 urbes
750 991 810 1034 mag-

50 1061 85 1091 nas
102 1051 185 1102 everlil,
202 1054 221 1090 cl
236 1054 307 1104 gentes
324 1062 441 1091 numerosas
458 1050 546 1092 funditus
563 1046 663 1091 celeuil

222 1179 261 1220 Vll.
293 1177 418 1220 Arlborlolr'o
434 1180 463 1220 nd
477 1179 634 1232 poenitentium.

106 1260 174 1312 Haec,
190 1260 311 1311 charissimi,
328 1272 368 1301 nou
384 1265 472 1312 lanium,
489 1266 509 1301 ul
524 1272 561 1301 vos
578 1260 638 1300 oflicii
660 1261 722 1301 vestri
734 1261 806 1303 admo-

48 1342 137 1382 neamus,
153 1330 265 1380 scribimus,
281 1329 317 1370 sed
335 1331 399 1381 eliam,
415 1336 437 1371 ul
452 1332 556 1384 nosipsos
573 1329 793 1373 5commonefaciamus
799 1347 805 1383 3
855 1348 857 1353 ’

47 1400 67 1440 in
83 1401 153 1441 eaclem
167 1400 221 1448 ‚enim
238 1411 299 1440 arena
314 1411 427 1451 versamur,
444 1405 464 1440 el-
479 1403 580 1441 cerlamen
597 1400 649 1440 idem
664 1401 722 1441 nobis
739 1401 806 1455 impo-

45 1470 103 1510 silom
120 1476 156 1511 est.
188 1467 274 1518 ⁶Quure
290 1470 360 1510 inanes
377 1475 396 1510 el
412 1483 473 1511 ranas
497 1482 554 1511 cums
574 1470 723 1523 relinquamus,
746 1475 765 1511 el
781 1472 805 1512 ad

44 1540 153 1593 gloriosam
170 1545 189 1581 el
205 1539 340 1581 venerandam
358 1536 457 1581 ⁷sanclae
478 1540 589 1581 rocalionis
612 1544 693 1581 noslrae
710 1537 804 1581 8lineam

44 1606 137 1666 [melam]
149 1612 258 1652 veniamus.
283 1610 334 1658 Quid
345 1611 455 1663 pulchrum,
473 1610 520 1663 quid
534 1610 646 1663 jucundum
664 1616 682 1651 cl
700 1617 803 1664 aeceplum

43 1692 111 1721 eoram
127 1681 198 1734 opifice
214 1684 284 1721 noslro
300 1682 335 1732 sil,
352 1679 462 1721 videamus.
494 1681 616 1733 Sanguinem
633 1679 706 1722 Clrrisli
722 1682 803 1723 inlenlis

43 1751 106 1791 oeulis
127 1750 251 1802 inmemor,
274 1756 293 1791 et
315 1763 372 1803 quam
393 1751 494 1803 pretiosus
516 1750 559 1791 Deo
582 1751 608 1790 sil
629 1752 673 1805 ejus
693 1748 802 1807 ⁹sanguis‚

42 1822 205 1874 consideremus,
227 1822 260 1875 qui
280 1826 362 1875 propter
378 1825 465 1861 noslranr
482 1821 565 1861 salutem
583 1820 658 1862 ellusus
674 1822 709 1862 loli
726 1821 800 1862 mundo

42 1892 177 1943 poeinreanae
188 1893 272 1946 grabam
283 1891 358 1933 obtain.
376 1890 510 1931 Recurramus
522 1890 546 1932 ml
557 1903 628 1932 omnes
637 1890 705 1931 monili
717 1895 800 1943 aetates,

41 1982 104 2019 Dircen
117 1991 174 2019 aulem
187 1984 208 2018 ab
220 1983 316 2028 Amphione
330 1989 347 2017 et
358 1983 411 2017 lralre
453 1984 472 2025 4)
487 1982 503 2017 Si
516 1982 556 2017 urbs
569 1982 672 2026 Jerusalem,
688 1982 736 2026 cujas
749 1982 800 2017 fatale

42 2043 78 2087 ejus
87 2043 140 2078 Zellio
154 2043 234 2078 cornibus
246 2044 290 2076 lauri
302 2042 358 2076 rabidi
370 2042 410 2076 alli·
429 2042 514 2075 excidium
526 2043 626 2087 praeserllm
638 2042 678 2074 rixis
688 2042 759 2075 inlernis
768 2052 800 2075 ac-

41 2108 97 2147 gatam
114 2103 167 2136 luisse
181 2102 250 2136 rabulae
263 2101 336 2135 lradunl.
362 2100 410 2134 Aliae
429 2099 522 2134 celeralum
536 2100 603 2143 luerat,
615 2099 650 2142 jam
662 2099 724 2133 luisset
738 2100 799 2142 diruta,

39 2161 116 2206 virgines
132 2172 163 2195 seu
180 2161 261 2195 mulieres
279 2159 409 2193 christianorum
427 2157 488 2192 bealns
502 2157 581 2192 Clemens
595 2158 705 2192 novissimum
719 2162 736 2190 el
749 2157 799 2192 cele-

39 2218 112 2253 forlasse
122 2225 212 2264 antequam
223 2218 328 2252 necabantur
337 2220 407 2253 Danni-
427 2215 518 2250 berrimum
531 2217 565 2250 hoc
578 2215 674 2260 enernplum
687 2216 715 2250 vix
728 2216 798 2249 silentio

40 2277 102 2312 uarum
120 2277 203 2321 supplicia
223 2276 244 2311 ad
264 2276 334 2310 crudele
353 2275 408 2320 plebis
426 2275 548 2325 praeteriisset.
563 2273 797 2310 cfr.bl'inoz'cenmarm.lc.

39 2334 155 2377 spectaculum
164 2335 228 2378 subire,
238 2334 337 2380 Tartariqoe
343 2345 408 2379 poenas
426 2344 443 2377 p.
457 2333 485 2366 54.

39 2398 171 2435 repraesentare
187 2393 284 2435 debebant,
301 2399 318 2426 er
330 2394 355 2426 sic
368 2397 407 2426 aare
450 2388 648 2433 apllsm'aopulozoara.
660 2388 796 2434 Simplexlormu

38 2458 98 2483 necem
119 2451 172 2494 ipsam
193 2450 256 2485 diutius
277 2457 295 2484 el
316 2450 407 2484 multifarie
426 2446 795 2492 inopinanteetiamapudOrpbenmlhymn.

39 2508 163 2543 cruciabantur.
183 2509 272 2553 Ejusmodi
281 2515 363 2553 martyres
372 2519 406 2542 no·
426 2508 454 2550 77,
468 2507 484 2542 6,
498 2508 525 2542 ed.
539 2508 596 2541 llerm¹
609 2519 626 2551 p,
641 2505 683 2550 345)
697 2507 777 2539 occurrii.

38 2566 83 2599 mine
97 2569 219 2602 Dureaidorum
232 2574 250 2601 et
262 2569 329 2603 Dirces
345 2573 381 2601 mm
397 2579 407 2601 a
449 2566 468 2610 6)
480 2566 528 2599 Haec
540 2566 600 2599 recitat
613 2563 716 2607 Polycarpus
730 2574 745 2597 c.
758 2563 775 2596 7.

37 2622 115 2658 fidelibus
124 2631 158 2658 tum
167 2636 177 2658 a
185 2627 256 2671 paganis
265 2627 352 2671 insignitas
362 2637 406 2669 esse,
448 2624 468 2668 7)
476 2623 537 2657 blillins
544 2624 554 2657 l.
562 2619 793 2668 anamma:baptismo

38 2680 116 2715 dubitare
128 2684 157 2715 vix
169 2693 266 2726 possumus.
448 2681 475 2726 8]-
482 2680 515 2714 Gn.
526 2681 548 2714 de
558 2681 615 2714 Wetle
626 2680 648 2713 ad
656 2678 671 2712 ll
679 2679 717 2715 Cor,
727 2680 755 2724 10,
765 2679 793 2715 13.

60 2738 79 2782 3)
94 2740 135 2774 Gen.
149 2740 166 2784 2,
179 2740 207 2775 23,
448 2740 467 2785 9)
479 2740 534 2784 Πατρὶ
546 2742 611 2772 Brenn.
