1765 2987
266 169 335 206 tnnnx
347 169 425 207 RERUM
436 171 464 208 ET
477 172 633 209 Pnnsonnntttt.

70 278 219 315 circumcisio
239 276 284 312 faeta
307 278 324 311 in
347 276 440 314 CCCXVIII

92 338 134 372 viris
147 348 168 371 ex
180 336 243 370 familia
252 337 337 380 Abrahae,
350 338 404 383 figura
414 345 440 373 est

94 396 147 430 erucis
169 401 186 429 et
204 396 266 430 Christi
286 397 314 431 22.
344 394 438 431 Circumci-

92 456 157 490 siouem
176 454 266 488 admittunt
283 456 374 500 Aegyptii,
393 455 438 490 Ara-

90 514 121 548 bes
131 519 164 547 etc.
177 513 205 547 22.
231 511 341 548 Circumcisio
352 515 408 548 cordis
422 521 439 549 et

92 572 136 607 auris
148 572 176 605 20.
202 595 204 597 -
221 610 223 613 ,

69 630 176 666 Claudius
189 630 281 675 Ephebm,
299 631 353 665 Roma
366 631 387 666 ad
400 630 436 666 Co-

785 175 829 218 453

481 280 534 316 heaut
547 281 586 315 327.
612 281 644 324 Oui
657 291 709 315 carne
723 285 780 315 castus
796 286 828 325 est,

481 351 503 374 ue
515 339 614 382 insolescat,
628 341 691 383 sciens,
706 340 829 374 continentiam

481 399 542 434 aDeo
556 400 611 433 datam
624 410 662 434 esse
680 399 718 434 104.
735 399 774 433 tot.
787 398 828 433 238.

480 458 520 491 240.
546 458 588 492 Vide
606 461 697 501 Onniton,
718 460 826 504 Coelibntnc,

481 518 551 563 Corone
566 522 584 550 et
596 519 703 552 Innocentis,

457 572 588 610 Conventus
605 573 793 610 Christianorum
810 586 826 610 v.

480 632 566 669 Cultus.

91 690 162 725 rintlrios
177 700 186 724 a
200 689 288 724 Clemente
300 692 360 724 missus
374 691 413 725 132.
457 691 536 726 Cordis
549 692 695 738 genuflectamus
709 692 748 727 tao,

68 748 168 783 Clemens
182 749 231 784 Rom.
244 746 348 783 memoratur
359 749 380 783 ab
391 749 437 783 Her-
457 749 628 785 Corinthiorum
637 752 711 796 elogium
721 752 748 784 52.
762 750 827 784 Seditio

91 818 117 840 rna
131 806 170 841 329.

68 864 202 900 Coelibatus
215 866 283 901 dimissa
297 864 370 912 conjuge
386 866 437 900 adul-

89 930 127 958 tera
150 924 245 969 postulatur
268 924 307 959 349.
339 924 438 958 Coelibatns

90 983 173 1027 virginum
198 983 238 1018 418.
269 981 303 1017 Cir.
327 985 437 1019 Continentia

91 1045 107 1074 el
121 1044 197 1086 Corpus.

480 806 557 841 Corinthi
566 815 602 842 orta
612 809 639 842 56.
648 809 687 842 116.
702 808 828 842 Corinthiorum

480 867 549 911 antiqua
562 871 579 900 et
592 867 685 901 firmissima
699 866 773 900 eeclesia
789 866 828 901 118.

482 923 562 958 Corinthii
582 926 665 970 probatos
685 936 724 960 suos
744 926 828 959 antistites

479 983 540 1027 injuste
554 984 654 1027 dejecerunt
670 984 709 1019 114.
734 984 751 1018 S.
764 983 826 1018 Paulus

460 1056 461 1059 ¹
479 1042 500 1076 ad
508 1041 602 1076 Corinthios
610 1043 700 1086 epistolam
707 1043 776 1087 scripsit
785 1041 826 1076 118.

67 1097 137 1133 Coeli
155 1100 279 1144 gubernatione
298 1100 331 1135 Dei
351 1103 436 1144 commoti,
455 1100 565 1138 Coronati
582 1101 596 1135 si
610 1111 643 1134 non
656 1111 746 1145 possumus
759 1110 825 1144 omnes,

91 1158 107 1191 ei
119 1157 232 1201 subjiciuntur
243 1160 260 1192 in
272 1170 317 1203 pace
325 1159 353 1195 82.
374 1159 436 1194 Coelos

477 1158 519 1193 salto
532 1169 682 1204 propecoronam
695 1160 746 1193 simas
762 1158 801 1192 142.

89 1215 346 1261 Deuspotentiasualirmavit‚
358 1217 435 1262 pruden-
455 1217 548 1263 Corpus
567 1228 601 1251 non
619 1218 678 1251 interit
694 1216 733 1251 390.
760 1214 825 1260 Corpus

89 1275 113 1308 tia
133 1276 200 1309 ornavit
220 1274 248 1310 96.
276 1275 323 1309 Deus
343 1275 435 1310 fortissimo

89 1332 143 1366 verbo
156 1344 187 1366 suo
200 1334 267 1367 coelum
281 1334 349 1367 confixit
361 1333 401 1367 325.

66 1390 242 1425 Communicatio
261 1391 393 1426 idiomatum
408 1392 435 1425 16.

88 1455 123 1483 not.
133 1449 149 1484 6.
169 1448 247 1484 Clemens
256 1449 342 1484 Romanus
354 1450 375 1484 de
387 1462 434 1496 pno-

89 1510 141 1543 eione
149 1510 182 1543 Dei
194 1508 269 1553 loquitur
282 1509 314 1550 54;
327 1507 401 1553 ignatius
414 1508 435 1542 de

478 1276 558 1309 mundum
568 1275 696 1310 custodiendum
705 1277 780 1310 estitit.
799 1274 825 1309 Ne

478 1334 552 1367 abutaris
566 1344 638 1378 corpore
656 1334 672 1367 in
685 1333 756 1367 libidine
768 1333 825 1378 aliqua

477 1394 518 1427 idid.
551 1392 630 1436 Accipiet
653 1391 751 1425 mercedem
774 1401 825 1425 omne

478 1461 541 1494 corpus
560 1460 621 1494 purum
638 1452 680 1485 ibid.
711 1448 776 1493 Corpus
794 1459 825 1483 vas

478 1507 573 1553 appellatur
586 1507 614 1542 16.
628 1507 655 1542 30.
669 1508 697 1540 50.

89 1568 177 1611 anrzynine
190 1569 225 1602 Dei
238 1566 270 1600 152
287 1573 305 1601 et
317 1567 338 1601 de
349 1569 436 1614 paccione
454 1565 521 1600 Corvi
533 1577 572 1600 esus
586 1566 648 1600 vetitus
660 1565 730 1600 ludaeis
742 1566 771 1600 21.

90 1625 175 1661 netaot.

67 1682 411 1718 communtobonorumto.3ot.

67 1741 192 1776 Concilium
204 1740 319 1787 [συμβούλιον]
332 1741 370 1775 aS.
381 1740 434 1784 Poly-

89 1809 146 1845 carpo'
155 1806 267 1835 convocatum
279 1800 314 1833 240
326 1810 351 1844 sq.

65 1858 214 1893 Concordiam
227 1862 245 1892 et
256 1867 316 1902 pacem
329 1863 374 1890 amat
387 1857 434 1891 Deus

88 1917 116 1951 82.
140 1917 158 1951 Iu
176 1916 257 1950 concordi
273 1915 356 1950 charitate
369 1918 433 1950 canitur

88 1974 162 2008 Christus
176 1974 215 2007 154.

64 2030 432 2077 Concupiscentiamalagrandepec-

88 2094 143 2123 catum
156 2096 182 2123 est
194 2090 233 2123 323.
243 2090 283 2123 349.
293 2089 331 2123 371.
341 2090 381 2123 372.
395 2089 432 2122 Non

87 2145 139 2180 dehet
160 2147 204 2181 haee
224 2148 304 2192 cogitatio
325 2146 432 2180 abhorrenda

87 2214 125 2237 esse
131 2205 147 2237 in
153 2206 207 2239 servis
213 2204 245 2238 Dei
250 2205 289 2238 324.
296 2204 431 2251 Cernpiditna.

63 2260 203 2297 Confessio.
229 2260 342 2297 Confiteheris
360 2268 432 2307 peecata

454 1623 544 1658 Creatio
554 1635 575 1659 ex
584 1624 636 1659 nihilo
645 1624 685 1659 323.
695 1624 735 1658 346.
755 1623 824 1659 Creatio

476 1687 533 1716 terrae
552 1688 569 1716 et
587 1682 632 1716 coeli
652 1682 692 1717 325.
722 1682 773 1716 Pater
792 1694 825 1727 per

477 1738 561 1773 Christum
574 1741 631 1774 onmia
642 1741 708 1774 creavit
716 1740 757 1774 308.
777 1740 824 1774 Deus

476 1797 535 1830 orbem
549 1798 615 1832 creavit
623 1797 710 1832 hominum
719 1808 770 1832 causa
782 1798 822 1832 314.

476 1854 516 1889 374.
546 1854 623 1889 Omnium
643 1855 698 1900 prima
719 1861 775 1890 creata
798 1862 824 1891 est

476 1913 560 1957 ecclesia,
576 1918 594 1948 et
605 1919 677 1958 propter
691 1913 737 1947 illam
751 1914 823 1948 mundus

475 1970 531 2005 factus
544 1977 570 2005 est
584 1971 623 2005 329.
646 1972 718 2016 Propter
731 1971 822 2006 ecelesiam

475 2028 522 2062 Deus
541 2035 627 2064 creaturas
645 2028 764 2073 multiplicavit
781 2029 821 2063 323.

475 2085 550 2122 Christus
563 2087 617 2122 solem
631 2088 696 2121 crearit
708 2087 725 2120 8.
752 2086 823 2121 Creator

475 2146 556 2190 operibus
568 2146 604 2179 suis
617 2156 636 2179 se
648 2146 704 2189 ipsum
714 2151 785 2180 exornat
794 2145 823 2181 98.

475 2201 573 2237 Creatarum
590 2214 648 2238 rerum
666 2214 699 2248 pax
712 2209 729 2238 et
743 2210 823 2238 constans

475 2260 575 2295 ohedientia
582 2272 623 2306 erga
630 2261 684 2295 Deum
691 2261 719 2297 82.
727 2260 760 2294 Cir.
766 2265 822 2298 Docte.

86 2325 115 2354 tua
127 2320 156 2354 48.
175 2319 257 2354 Confiteri
266 2319 287 2354 de
295 2321 371 2365 peccatis
379 2332 432 2365 prae·
451 2316 553 2353 Credere
567 2320 643 2365 cogimur
655 2330 664 2352 a
677 2318 714 2352 Deo
727 2318 767 2352 374.

86 2384 126 2423 stat,
139 2389 189 2425 quam
198 2378 279 2413 indurare
288 2389 317 2412 cor
326 2378 366 2413 122.
385 2379 433 2413 lleus
452 2376 565 2411 Crescens
574 2375 771 2421 laudaturaPolycarpo
779 2377 820 2410 273.

86 2437 127 2471 nihil
140 2449 149 2472 a
162 2437 212 2472 nohis
221 2437 314 2481 desiderat,
328 2448 377 2483 quam
389 2444 408 2472 ut
417 2439 433 2472 ei
452 2434 534 2468 Crocus
542 2435 620 2468 laudatur
629 2434 650 2468 ah
657 2433 724 2479 ignatio
733 2434 772 2468 152.
779 2434 819 2468 208.

86 2483 197 2530 conliteamur
224 2496 263 2530 121.
293 2495 383 2530 Confessio
405 2501 433 2529 aut
452 2494 507 2528 Crux
525 2493 578 2536 figura
596 2492 656 2525 literae
673 2491 691 2524 Τ.
711 2491 821 2526 adumbratur

86 2553 241 2599 poenitentia112.
266 2552 300 2587 Cir.
314 2556 396 2590 Peccata.

62 2609 211 2646 Continentia
224 2611 281 2646 salvos
293 2622 325 2646 nos
338 2611 379 2645 facit
391 2611 431 2645 328.

86 2668 193 2703 Continentia
212 2670 277 2703 maritis
288 2668 431 2710 commendatur,

86 2732 104 2761 et
120 2737 181 2763 uxores
198 2738 236 2762 suas
253 2729 301 2773 quasi
318 2737 386 2763 sorores
398 2725 431 2760 ha-

474 2551 502 2585 22.
522 2548 566 2582 Crux
575 2560 607 2593 per
615 2548 680 2591 hlasein,
693 2550 772 2593 expansis
781 2560 820 2583 ma-

473 2608 523 2642 nibus
533 2613 617 2650 orantem,
626 2606 719 2651 significata
728 2606 756 2642 30.
775 2605 820 2641 Crux

472 2677 512 2710 spes
523 2670 581 2699 nostra
594 2664 622 2699 28.
647 2663 740 2697 lncrednlis
750 2665 819 2710 quidem

473 2725 528 2760 crucis
540 2723 604 2769 liguum
617 2722 634 2757 iu
649 2721 757 2767 scandatum,
773 2723 819 2758 fide·
