1789 2987
81 227 83 230 ,
104 206 148 249 470
300 202 370 238 ruuux
383 202 460 237 neuun
472 202 501 237 ur
513 202 668 239 euasounnuu.
701 248 703 254 Α

127 311 219 356 diligentes
241 316 312 345 cunctos
330 311 437 357 aequaliter,
457 312 473 345 in
516 312 587 346 ferenda
605 318 630 347 est
646 310 726 346 secundis
741 307 804 353 nuptiis
822 306 862 341 352.

127 371 172 403 omui
181 370 285 404 continentia
294 370 334 404 260.
347 362 394 404 ttx'or
400 370 474 404 Hermae
517 372 639 414 Diaconissae,
650 370 692 403 licet
705 367 792 412 virgines,
807 375 862 399 voca-

126 429 182 463 lutura
200 434 227 462 est
242 439 291 463 soror
309 429 406 473 ejus3273
426 418 474 464 soror
516 431 578 464 bantur
590 430 652 464 viduae
665 427 705 462 232.

126 493 199 522 vocatur
211 487 251 521 328.
273 487 320 521 Uxor
333 488 416 531 adultera,
430 499 474 533 quae
493 489 694 530 Vinculasanctorum,
702 485 796 520 diademata
803 488 862 518 eorum

127 555 160 579 non
174 546 230 589 egerit
246 546 379 590 poenitentiam,
398 552 416 580 et
432 557 474 590 per·
515 545 556 581 256.

127 609 184 638 manet
199 604 217 637 iu
234 614 264 638 suo
283 603 355 648 delicto,
375 603 474 638 dimittenda
494 595 600 651 Virgines
613 610 681 651 oportet
696 605 713 638 in
725 601 863 637 immaculataet

127 667 153 696 est
172 662 212 697 349.
238 662 254 696 Si
272 663 395 707 poenitentiam
413 663 474 708 egerit,
517 670 563 699 casta
582 665 687 698 couscientia
705 664 764 697 vivere
783 659 828 702 2623
846 659 862 692 in

127 722 181 766 recipi
196 720 258 764 debet,
276 722 307 754 sed
322 731 356 755 non
369 727 421 766 saep'e
434 720 474 754 350.
516 722 610 755 humilitate
623 727 703 756 maneant
712 720 747 754 104
755 732 781 765 sq.
794 717 828 768 208
837 729 863 763 sq.

127 780 165 813 llon
175 780 222 823 licet,
232 779 305 824 conjuge
315 779 390 814 adultera
400 779 474 820 dimissa,
515 781 594 827 Virgines
618 781 731 814 Diaconissae
756 776 863 813 vocabantur

127 838 294 874 aliamducereiiirl.
303 838 475 884 Similiteragendum
517 840 580 875 viduae
591 839 636 878 232.
661 839 741 884 Virgines
754 852 779 869 =
791 837 863 885 virtutes

128 908 166 930 cum
185 896 259 941 conjuge
278 898 295 930 in
313 885 428 930 idololatriam
444 907 475 929 re·
518 899 630 942 christianae,
651 898 696 931 dona
716 897 787 941 Spiritus
808 893 864 942 sancti

127 955 174 1000 lapsa
188 957 230 990 ibid.
249 954 279 988 His
291 954 358 998 legibus
369 955 446 988 similiter
459 959 476 986 et
517 956 557 989 337.
571 956 605 989 tto
617 968 642 1001 sq.
655 956 695 988 420.
709 954 749 989 423.

127 1015 159 1048 riri
171 1019 188 1048 et
200 1013 287 1047 foeminae
295 1012 423 1058 adstringuntur
434 1014 474 1047 ibid.
493 1014 594 1048 Virtutes
614 1015 712 1058 superiores
735 1018 752 1046 et
773 1011 863 1046 inferiores

517 1072 558 1106 423.
583 1071 617 1107 otr.
629 1076 731 1108 vacationes
745 1076 762 1104 et
775 1067 863 1116 Virrium.

276 1120 303 1152 V·
494 1130 542 1164 Vita
556 1136 573 1164 et
585 1141 630 1165 mors
644 1129 744 1164 incumbunt
760 1128 810 1164 simul
823 1128 863 1162 tto.

104 1189 199 1231 Valens,
214 1186 304 1233 presbyter
316 1187 400 1222 ecclesiae
409 1188 475 1232 Philip·
517 1188 562 1222 Vera
584 1194 601 1222 et
621 1190 725 1233 sempiterna
749 1192 807 1222 nostra
827 1187 864 1221 uita

128 1249 206 1292 pensium
219 1247 236 1279 in
249 1246 291 1279 vitia
304 1245 385 1289 delapsus
397 1246 438 1280 269.
517 1246 567 1281 Jesus
580 1244 656 1281 Christus
669 1252 696 1280 est
709 1246 747 1281 172.

104 1306 209 1340 Valerius
222 1304 266 1347 Bito,
279 1303 333 1337 Roma
346 1305 368 1338 ad
379 1304 475 1338 Corinthios
494 1305 556 1339 Vitio
568 1305 628 1339 relicto
644 1307 724 1339 virtutem
740 1307 863 1350 persequamur

129 1376 138 1398 a
151 1363 168 1397 S.
182 1363 270 1397 Clemente
283 1364 344 1396 missus
357 1362 397 1397 132.
517 1364 551 1398 144
560 1375 585 1409 sq.
602 1363 665 1397 Vitium
675 1369 701 1397 est
712 1373 813 1407 praecursor
822 1373 862 1396 sce·

105 1423 147 1457 Vas
160 1424 227 1467 spiritus
240 1423 250 1455 i.
261 1433 277 1466 q.
292 1431 354 1465 corpus
367 1422 394 1455 16.
406 1423 434 1455 30.
447 1422 475 1455 50.
518 1423 573 1455 lerum
579 1428 675 1456 nostrorum
683 1421 721 1455 tto.
730 1421 775 1456 Vitia
783 1437 806 1452 =
814 1421 863 1455 Dae-

105 1481 200 1515 Verbum
213 1480 246 1514 Dei
259 1485 354 1523 aeternum,
367 1491 401 1514 nou
415 1492 424 1514 e
436 1481 476 1525 Sige
517 1491 577 1513 mones
591 1485 608 1513 et
619 1480 706 1523 mulieres,
718 1480 766 1524 nigra
773 1484 823 1514 veste
834 1480 862 1512 iu-

130 1540 243 1585 progredieus
265 1538 304 1571 176.
333 1537 381 1572 Deus
401 1539 476 1572 Verbum
518 1537 674 1573 auraemalae
688 1536 728 1571 417.
741 1537 782 1571 423.
796 1537 848 1571 428.v

129 1604 206 1632 sanctum
220 1602 237 1630 et
249 1595 421 1641 incomprehensibile
432 1597 476 1630 inter
495 1597 624 1630 Vocationis
636 1602 706 1630 nostrae
718 1596 764 1630 linea
777 1596 805 1631 62.
825 1596 863 1629 Vo-

129 1657 206 1691 homines
224 1655 299 1697 locavit,
321 1659 338 1688 et
359 1656 375 1688 in
396 1654 476 1689 cordibus
518 1657 562 1690 catio
587 1655 605 1688 in
629 1654 695 1689 Christo
721 1655 760 1689 tto.
794 1654 865 1689 Vocatio

129 1725 189 1749 eorum
202 1713 266 1747 lirmam
277 1712 337 1747 sedem
348 1711 413 1747 habere
424 1713 477 1748 voluit
517 1719 575 1748 nostra
589 1712 628 1747 tat.
642 1715 681 1748 tlt.
695 1713 734 1748 352.
753 1712 817 1748 Omnes
829 1721 863 1746 vo-

129 1773 169 1807 308.
518 1772 655 1807 catisunt425.
678 1770 865 1809 clermontanum

105 1831 200 1865 Verbum
218 1830 258 1865 lesu
277 1831 307 1875 qui
324 1832 412 1875 possidet,
433 1842 475 1866 uere
517 1836 535 1864 et
547 1833 610 1866 latrari.

128 1894 185 1934 potest
203 1894 220 1922 et
236 1888 322 1923 silentium
339 1890 391 1935 ipsius
410 1890 475 1935 audire,
494 1888 615 1934 Voluntas,
628 1890 707 1925 absolute
718 1890 775 1934 posita
786 1897 818 1933 pro
831 1886 864 1920 Dei

130 1953 148 1981 ut
160 1946 247 1992 perlectus
261 1948 282 1981 sit
295 1947 335 1982 tot.
517 1947 606 1982 voluntate
620 1948 659 1982 170.
674 1948 713 1982 tta.
726 1953 761 1982 not.
774 1948 802 1983 10.

105 2005 144 2039 Via
157 2004 226 2049 duplex,
238 2005 280 2039 lucis
293 2011 311 2040 et
323 2007 432 2041 tenebrarum
447 2007 475 2041 tt.
494 2005 631 2050 Voluptates
649 2006 689 2041 372.
706 2007 747 2040 375.
767 2005 806 2040 391.
824 2004 865 2041 tot.

129 2064 171 2097 Viae
189 2063 231 2097 lucis
248 2065 348 2108 praesident
365 2066 421 2111 angeli
436 2065 475 2108 Dei,
518 2062 552 2097 ctr.
566 2067 646 2101 castitas
659 2071 677 2099 et
689 2067 788 2111 Cupiditas.

129 2124 169 2156 uiae
193 2113 303 2156 tenebrarum
326 2124 382 2169 angeli
402 2124 475 2158 Satanae
494 2123 585 2157 Vulnus.
610 2124 649 2158 llon
661 2133 712 2157 omne
724 2123 786 2158 vulnus
802 2122 865 2156 eodem

129 2183 171 2216 idid.
195 2179 262 2214 lustitia
279 2187 343 2215 rectam
359 2183 404 2217 viam
417 2182 475 2226 habet,
518 2181 610 2225 emplastro
629 2187 698 2215 curatur
718 2181 758 2216 236.
789 2180 865 2215 Vulnera

129 2239 211 2282 injustitia
223 2248 293 2282 prauam
306 2244 339 2273 etc.
353 2241 392 2275 357.
518 2239 613 2284 Episcopus
626 2245 675 2275 curet
686 2242 728 2276 ibid.

105 2297 193 2331 Viduae
218 2306 240 2329 ne
261 2295 369 2341 negligantur
390 2300 410 2333 ab
431 2300 475 2345 Epi-

128 2366 181 2400 scopo
194 2353 234 2389 238.
254 2353 319 2388 Viduae
331 2356 476 2392 sintcircafidem
664 2348 693 2381 x·

129 2413 198 2447 Domini
207 2413 306 2458 prudentes,
320 2414 430 2459 interpellent
440 2417 476 2450 sine
494 2415 626 2458 Xanthicus,
648 2416 711 2449 mensis
732 2413 864 2458 Smyrnaeorum

129 2472 253 2506 intermissione
269 2482 300 2516 pro
318 2473 406 2517 omuibus,
425 2473 476 2519 longe
518 2473 558 2507 292.

128 2531 231 2565 recedentes
244 2529 265 2563 ab
278 2530 324 2563 omui
337 2531 427 2576 calumnia,
442 2532 476 2565 de·
495 2530 649 2576 Xerophagiae
662 2531 701 2567 384.
713 2537 749 2567 not.
762 2530 778 2565 3.

129 2590 238 2631 uectatione,
245 2588 287 2621 tatso
294 2589 398 2633 testimonio,
405 2592 476 2625 avaritia

130 2646 272 2688 etomnima103
286 2654 417 2692 cognoscentes,
431 2649 476 2695 quod
492 2638 494 2641 .
664 2642 693 2674 ⁷¹·

130 2705 183 2739 altare
199 2704 232 2738 Dei
249 2705 282 2739 sint
298 2705 337 2739 260.
362 2707 420 2741 Viduis
435 2708 477 2742 licet
494 2706 595 2741 Zosimus
613 2720 622 2742 a
639 2708 656 2742 S.
672 2707 767 2752 Polycarpo
787 2707 864 2742 laudatur

129 2765 191 2799 iterum
203 2763 279 2807 nubere,
293 2764 324 2798 sed
336 2764 410 2800 viduitas
422 2777 475 2811 prae·
518 2765 558 2800 266.
693 2772 702 2791 e
