1789 2987
91 226 134 268 246
323 218 454 255 ιιιιιτιιαυιι
467 216 618 254 S.1GNAT11.11.
634 202 637 204 ’

238 328 261 368 ΙΙ,
291 326 387 380 Ιριταιίιιε
404 338 417 365 τι
435 324 530 418 Τιαχιιιιο
545 325 702 367 condemnatur.
822 381 824 383 -

151 396 258 457 Τραϊανοῦ
272 391 313 453 γάρ
328 389 383 448 μετά
398 396 466 434 ταῦτα
483 393 533 436 ενι
534 408 578 448 ατο
594 389 638 435 ε’τει
652 406 690 445 τις
706 389 776 433 αῦτοῦ
789 392 852 444 βασι

89 468 159 519 λείας,
179 464 314 526 ἐπαρθέντος
335 463 374 507 ἐπὶ
393 466 420 519 τῇ
439 460 484 520 νίκῃ
503 463 530 521 τῇ
549 460 603 510 κατά
620 465 709 505 Σκυθῶν
729 458 763 503 καί
777 461 853 504 Δακῶν

89 539 125 582 καί
145 537 223 594 ἑτέρων
242 535 329 579 πολλῶν
347 532 429 585 ἐθνων,
449 531 485 574 καὶ
504 531 632 586 νομίσιιντος
649 528 682 574 ἔτι
696 524 779 574 λείπειν
795 528 853 586 αῦτῳ

89 608 145 666 πρός
161 608 232 650 πᾶσαν
252 600 361 662 όποταγήν
379 600 405 646 τό
426 604 468 645 τῶν
488 608 613 662 χριστιαιιῦν
627 601 732 656 θεοσεβὲς
750 616 817 659 συστιν
816 617 852 656 ια,

90 678 124 721 καὶ
139 675 159 720 εί
172 673 200 734 μή
214 673 252 733 τήν
267 675 311 716 τιῦν
332 668 437 728 δαιμόνων
457 672 556 716 Ίὲλοιντο
577 671 676 731 λατρείαν
695 666 749 727 μετά
768 670 853 714 πάντων

90 743 210 790 όπεισιὲναι
225 746 268 788 τιῦν
283 744 358 797 ε’θνιῦν,
374 742 466 801 διωγμόν
480 741 591 799 ὑπομένειν
607 739 765 801 άπειλήσαντος,
781 736 852 785 ὅπάν-

90 834 130 868 τας
149 813 200 866 τοῦς
219 814 313 869 εὐσεβῶς
331 814 414 867 ζιῦντας
433 809 447 871 ἢ
465 811 526 856 θῦειν
545 807 560 871 7³7x
579 814 678 857 τελευτάν
696 807 853 871 κατηνάγκαζεν.

93 882 149 932 Τότε
163 886 234 930 τοίνυν
248 884 357 944 φοβηθείς
376 878 431 941 ῦπὲρ
453 884 490 941 τῆς
504 881 626 938 Ἀντιοχέων
646 882 755 941 ἐκκλησίας
776 877 788 926 δ
808 897 854 939 γεν-

90 962 151 1007 ναῖος
166 956 208 999 τοῦ
221 955 322 1013 Χριστοῦ
337 947 475 1011 στρατιώτης,
491 951 612 1002 4ἑκουσίως
627 947 689 1011 ήγετο
705 952 761 1012 πρός
775 955 853 1011 Τραϊα-

90 1025 129 1078 νόν,
145 1023 246 1081 διάγοντα
260 1023 298 1079 μὲν
312 1017 358 1064 κατ’
374 1021 449 1064 ἐκεῖνον
464 1019 501 1063 τόν
515 1022 588 1080 καιρόν
602 1022 656 1065 κατά
671 1020 708 1078 τήν
721 1018 853 1077 Ἀντιόχειαν,

90 1093 242 1148 σπουδάζοντα
264 1093 288 1137 δὲ
308 1092 345 1136 ἐπί
365 1090 474 1152 Ἀρμενίαν
495 1090 531 1135 καὶ
552 1087 667 1150 Πάρθους.
698 1090 732 1142 Ὡς
753 1091 778 1135 δὲ
798 1088 854 1135 κατά

89 1165 209 1224 πρόσινπον
224 1161 274 1221 ἔστι]
291 1163 398 1222 Τραϊανοῦ
412 1162 452 1204 τοῦ
466 1160 582 1216 βασιλέως·
602 1162 649 1214 ,τίς
667 1157 697 1215 εἷ,
718 1158 853 1217 κακόδαιμον,

90 1233 130 1286 τάς
144 1232 248 1291 ἡμετέρας
262 1227 390 1286 σπουδάζων
405 1228 513 1285 διατάξεις
528 1226 671 1290 ὑπερβαίνειν,
690 1229 743 1288 μετά
759 1229 802 1276 5τό
818 1232 854 1276 καί

90 1304 179 1363 ἑτέρους
194 1299 332 1355 άναπείθειν,
343 1299 387 1344 ίνα
401 1303 470 1352 κακῶς
486 1297 636 1356 άπσλιῦνται,·“
665 1297 764 1359 Ἰγνάτιος
783 1296 853 1346 εἶπεν·

90 1371 175 1428 ,οὐδεὶς
187 1373 300 1432 Θεαφόραν
315 1369 421 1428 άπσκαλεῖ
435 1370 591 1426 κακοδαίμονα·
607 1366 739 1431 ἀφεστήκασι
754 1371 794 1431 γάρ
807 1367 854 1415 άπό

91 1450 133 1487 τῶν
148 1439 229 1486 δοόλων
243 1443 282 1485 τοῦ
299 1443 357 1485 Θεοῦ
371 1441 399 1485 τά
414 1439 518 1498 δαιμόνια.
548 1440 575 1484 Εἰ
592 1440 625 1494 δὲ,
647 1440 681 1484 ότι
700 1441 784 1492 τούτοις
798 1441 852 1485 ἐπα-

90 1509 147 1572 χθής
163 1512 218 1568 εἰμι,
239 1511 315 1569 6[καί]
331 1506 393 1554 κιικόν
408 1527 436 1566 με
456 1508 514 1570 πρός
534 1507 585 1561 τοῦς
607 1509 710 1566 δαίμονας
731 1507 852 1564 ιίποκαλεῒς,

90 1582 232 1640 σννομσλογιῦ.
262 1581 357 1639 Χριστόν
371 1580 411 1640 γάρ
427 1578 480 1636 ἔχων
496 1576 622 1640 ἐπουράνιον
637 1579 732 1636 βασιλέα,
747 1580 786 1633 τάς
800 1578 852 1625 τοό-

89 1669 132 1696 των
153 1652 250 1695 καταλύω
274 1650 408 1703 ἐπιβουλάς(ι
446 1649 550 1709 Τραϊανός
572 1647 644 1694 εἶπεν·
667 1650 718 1704 ,καί
738 1651 773 1701 τίς
795 1651 852 1695 ἐστιν

91 1716 230 1781 Θεοφόρος,“
259 1716 359 1774 Ἰγνάτιος
374 1716 516 1779 απεκρίνατο·
531 1715 557 1773 ,β
570 1718 692 1779 Χριστόν
682 1736 737 1776 εχων
752 1738 773 1765 εν
789 1720 851 1781 στέρ-

88 1798 151 1843 νοις.“
183 1788 288 1849 Τραϊανός
307 1785 377 1834 εἶπεν
401 1786 474 1848 ,ἡμεῖς
494 1783 530 1834 οῦν
551 1805 586 1833 σοι
607 1792 711 1847 δοκοῦμεν
730 1791 784 1835 κατά
804 1792 852 1835 ναῦν

88 1859 119 1919 μή
134 1876 189 1915 εχειν
206 1857 279 1912 Θεοῦς,
294 1855 327 1911 οἷς
341 1860 375 1904 καί
390 1856 496 1919 χρώιιεθα
511 1861 634 1916 σσιιμάχοις
648 1876 706 1921 προς
719 1861 770 1912 τοῦς
785 1862 851 1906 πολε-

87 1929 180 1987 μίους,·“
209 1928 308 1987 Ἰγνάτιος
332 1925 407 1974 εἶπεν·
430 1928 476 1983 ,τά
501 1927 602 1985 δαιμόνια
624 1933 667 1974 τῶν
691 1930 760 1974 ἑθνιῦν
783 1932 851 1983 Θεσῦς

88 1999 283 2080 προσαγορεύεις
277 1996 424 2057 πλανώμενος
448 1995 478 2052 εἷς
498 2001 538 2060 γάρ
560 2017 616 2046 εστιν
637 1999 704 2055 Θεος,
725 1997 738 2081 β
757 2000 852 2061 ποιήσας

87 2067 125 2114 τόν
141 2067 229 2129 ον’ρανδν
244 2070 279 2114 καὶ
294 2071 332 2129 τήν
347 2072 385 2129 γίν
400 2071 435 2114 καί
449 2068 486 2130 τήν
500 2067 626 2125 θάλασσαν,
647 2072 681 2115 καί
699 2066 771 2116 πάντα
788 2070 815 2115 τά
830 2089 851 2116 εν

88 2136 223 2191 αὐτοῖςκαὶ
238 2135 268 2190 εἷς
280 2140 378 2200 Χριστός
391 2141 474 2200 ’[ιγσοῦς,
491 2141 504 2185 δ
519 2140 564 2193 αίδς
579 2147 619 2185 τοῦ
633 2144 689 2186 Θεοῦ
703 2137 716 2186 δ
731 2141 850 2201 μονογενής,

90 2205 117 2252 οὗ
137 2212 176 2265 τῆς
194 2209 304 2263 βασιλείας
326 2206 431 2269 ὀιάίμιμ.“
465 2209 569 2268 Τραϊανός
590 2208 660 2256 εἶπεν·
683 2208 732 2265 ,τόν
754 2227 850 2271 σταυρω-

88 2277 157 2322 θέντα
175 2277 243 2335 λε’γεις
262 2278 299 2321 ἐπὶ
318 2279 412 2324 Ποντίου
435 2279 530 2325 Πιλάτου
536 2287 558 2335 ,·“
589 2280 686 2339 Ἰγνάτιος
705 2276 776 2325 εἶπεν·
798 2280 851 2334 ,τόν

88 2345 283 2407 άναστααρώσαντα
297 2346 334 2406 τήν
349 2348 398 2407 ἐμήν
413 2345 520 2409 άμαρτίαν
533 2347 588 2406 μετά
603 2356 642 2407 τοῦ
661 2351 739 2435 ταήτής
757 2346 851 2411 εῦρετοῦ,

87 2419 122 2463 καί
142 2421 215 2463 πᾶσαν
234 2413 404 2472 καταδικάσαντα
424 2420 543 2479 δαιμονικήν
564 2420 644 2479 πλάνην
665 2420 701 2463 καί
721 2419 792 2465 κακίαν
806 2421 851 2467 ῦπδ

87 2489 138 2541 τοῦς
153 2485 225 2540 πόδας
239 2506 283 2533 των
298 2487 362 2534 αὐτον
373 2489 394 2533 ἐν
403 2488 509 2555 καρδίιγ
492 2487 636 2549 φοροῦνταιν.“
663 2490 765 2550 Toaz’wdg
779 2486 850 2536 εἶπεν·

87 2558 127 2612 ,οὐ
142 2552 179 2602 οὖν
194 2576 215 2602 εν
231 2576 299 2617 εαυτιμ
315 2559 390 2620 φέρεις
405 2558 442 2604 τόν
457 2559 622 2620 σταυρωθεντα,·
618 2567 635 2588 ·“
665 2557 762 2620 Ἰγνάτιος
779 2557 849 2606 εἶπεν·

112 2659 131 2703 1)
144 2657 157 2692 Ι.
171 2669 185 2692 ε,
198 2658 218 2691 Α.
232 2660 265 2693 107
277 2671 294 2705 p.
305 2660 335 2694 Ch.
354 2661 392 2695 νει.
402 2660 459 2694 Inter·
502 2662 520 2705 2)
533 2662 557 2696 177
564 2664 614 2698 Νολίε
622 2662 633 2696 Ῑ.
642 2674 656 2696 c.
663 2674 680 2708 p.
688 2662 728 2697 235.
736 2668 807 2708 propter
814 2673 848 2696 ιιι)-

88 2727 127 2760 pres
147 2716 208 2749 habet:
230 2730 275 2752 αιιαο
294 2727 362 2765 quarto.
388 2719 459 2752 Grahius
478 2730 517 2753 men
527 2718 779 2762 7279771777‘7Christianorum
789 2726 849 2754 coetus

89 2775 159 2826 corrigit
167 2772 230 2824 δεκάτιγ
238 2774 299 2826 ἔννάτιγ
308 2776 344 2818 ἔτει,
351 2778 362 2811 1'.
370 2779 413 2811 e.A.
421 2777 459 2812 116.
478 2775 560 2821 [σάστιχιια
569 2779 686 2825 Χριστιανῶν).
705 2776 800 2813 Μαίλσιτσ.
813 2778 848 2823 Sy-
