1789 2987
83 220 97 262 2
321 212 442 249 eduntote
454 213 568 250 urtsronu.
586 215 599 248 I.

83 324 135 377 quia,
151 322 196 362 dum
212 319 235 361 ed
252 330 288 361 vos
305 319 410 373 adloquor,
427 321 486 362 muita
502 323 547 363 ntihi
559 323 611 365 bonu
622 325 765 362 successerunt
775 321 795 362 in
806 321 838 362 via

84 391 204 444 ¹uequitatis
219 389 304 430 Domini.
335 389 390 440 ideo,
407 387 506 442 ²frutres,
523 396 542 432 et
559 404 597 445 ego
615 392 682 445 cogito
699 390 783 444 diligere
799 403 837 432 vos

80 473 141 513 super
156 461 240 499 animum
257 472 319 498 mrem
325 474 330 509 ;
348 459 392 511 quis
409 461 525 512 magnitudo
541 462 588 502 fidei
604 466 623 502 et
639 461 718 502 dileetio
730 460 806 501 habitet
817 462 835 501 iu

79 529 135 581 ³itto,
151 534 171 569 et
186 541 233 583 spes
249 530 303 569 vitae
319 527 393 569 4itlius.
420 528 516 584 Cogitans
533 543 583 585 ergo
600 532 638 572 troo
653 554 680 559 ἡ
692 529 764 583 ⁵qnast
775 542 837 569 cume

77 599 124 640 mihi
140 599 206 651 fuerit,
224 603 245 639 ut
260 598 364 639 vobiscum
379 599 454 651 portior

77 661 115 725 ἀφ’
131 661 157 709 οὗ
172 663 247 719 ἔλαβον
262 663 339 723 μέρους
370 699 375 708 .
405 697 410 706 .
441 681 491 708 .ex
507 681 539 719 eo,
555 670 609 721 quod
625 671 734 722 occepi-
750 669 835 711 futurum

76 768 81 778 .
117 766 445 777 ..........
465 737 524 788 mihi,
550 738 622 778 talibus
645 736 766 790 ⁶spiritibns
788 751 836 779 ser—

262 839 267 847 .
297 838 302 846 .
323 800 447 849 ἐσπούδασα
465 807 537 858 vienn,
558 807 631 848 hocin
648 807 754 859 mercede,
779 805 836 848 ⁷ed-

75 872 129 918 need
144 873 218 934 μικρὸν
233 870 280 929 ὑμῖν
295 873 391 933 πέμψαι,
413 871 447 916 ἵνα
465 877 571 931 properavi
588 889 651 930 panon
671 877 728 918 vobis
750 878 835 928 mittere,

75 942 131 1000 perd
145 947 183 1004 τῆς
197 944 290 994 πίστεως
300 941 358 999 dpoir
367 942 447 987 estete
465 951 486 988 nt
501 946 560 988 fidem
577 951 732 987 consummatum
747 946 835 987 habeatis

75 1011 137 1072 ἔχητε
151 1015 186 1057 καὶ
200 1011 237 1072 τήν
253 1014 351 1068 puriore.S
465 1021 484 1057 et
500 1017 609 1057 soientiem¹

75 1088 126 1128 Tres
142 1092 188 1128 sunt
205 1084 271 1141 ⁹ergo
291 1083 306 1110 ¹⁰
314 1086 467 1127 constitutiones
484 1085 574 1127 Domini:
593 1084 670 1126 1¹vitoe
686 1098 741 1139 spes,
757 1086 833 1126 initium

73 1161 93 1197 et
118 1158 269 1198 consummatio.
316 1157 428 1209 Propoienit
454 1156 505 1197 enim
532 1156 628 1197 Dominus
654 1169 691 1209 per
716 1156 832 1210 Prophetes,

76 1225 91 1251 ¹²
102 1241 153 1282 quoe
169 1228 327 1282 praeterierunt,
348 1230 367 1268 et
386 1223 525 1268 ¹³t'ntnrorun'1
545 1225 599 1267 dedit
618 1226 677 1268 uobis
698 1227 752 1268 initio
773 1227 833 1268 scire.

96 1322 115 1366 1)
127 1321 140 1355 i.
154 1333 168 1355 Β,
181 1323 250 1367 pretia,
264 1322 373 1366 dertipttt'tttio·
461 1318 524 1363 absol.)
545 1334 569 1352 z
590 1316 666 1355 roroo'rorg
689 1320 718 1350 τοῦ
742 1316 834 1360 nicodemo

95 1379 115 1423 2)
129 1378 188 1413 Codex
201 1377 310 1413 Corheiensis
326 1378 378 1412 nabet
393 1381 440 1423 sore,
461 1376 586 1422 dnoeppeinroffi
612 1378 622 1411 ὶ.
644 1388 658 1411 θ.
680 1390 734 1423 pirum
755 1379 832 1424 spiritns

71 1437 117 1481 quod
130 1437 156 1470 hic
169 1448 220 1470 sensu
233 1443 285 1470 carot.
309 1436 370 1470 Procul
389 1436 440 1470 dubio
459 1438 510 1471 votis·
524 1437 605 1480 [tertione]
619 1438 692 1472 cereiut.

70 1501 120 1529 uetus
133 1496 216 1539 interpres
229 1496 320 1539 scripserat
333 1493 385 1537 FRS,
399 1495 409 1527 i.
424 1505 439 1526 e.
483 1493 503 1538 7}
516 1493 545 1526 tts.
559 1496 669 1539 eetpeepiuet.

69 1557 144 1597 petron
158 1555 204 1598 quod
217 1554 294 1587 tihrorius
304 1553 371 1598 quidem
383 1554 440 1597 inepte
483 1550 501 1593 8)
516 1550 580 1585 Graeca
594 1550 638 1586 haec
651 1558 718 1588 exstant
731 1553 774 1599 apud
789 1556 830 1590 ote-

70 1612 85 1644 iu
98 1615 138 1657 sere
151 1613 228 1646 mutavit.
459 1615 532 1644 tttettteut
543 1611 595 1644 diem.
609 1609 670 1645 Stroun
684 1611 703 1645 lt.
715 1622 730 1646 o.
740 1614 755 1646 o.
764 1624 781 1657 p,
791 1613 831 1646 445,

94 1670 112 1711 3)
126 1670 138 1703 Ι.
148 1681 163 1703 e.
177 1670 193 1703 in
203 1670 234 1703 huc
243 1681 268 1712 re,
281 1671 298 1704 in
307 1669 338 1702 huc
348 1669 440 1702 dilectione
460 1667 486 1701 ed.
500 1666 544 1700 Pott.
558 1667 618 1702 Venet.
634 1669 684 1702 1757.

70 1729 141 1772 proximi
154 1738 195 1761 uera
208 1729 285 1761 consistit
298 1727 380 1769 dilectio,
398 1738 439 1761 vern
482 1725 500 1768 o)
514 1723 744 1773 Ergo=eiu=ucrupe
768 1728 831 1762 Sensus

69 1786 111 1819 fides
125 1792 142 1820 et
154 1786 201 1819 firma
214 1797 259 1829 spes.
284 1785 338 1819 Aliter
354 1785 382 1819 atii
395 1785 439 1819 tinne
459 1789 494 1816 est:
512 1786 562 1819 Tutin
580 1786 598 1819 itt
614 1788 647 1829 fide
663 1793 679 1821 et
692 1788 767 1822 seientia
778 1799 830 1833 pro-

68 1843 125 1877 locum
150 1845 287 1889 interpretentur.
330 1844 439 1878 Sehnitzerus
457 1854 567 1887 prosette
588 1843 626 1878 Dee
645 1846 713 1889 placet,
739 1846 769 1889 qui
791 1847 831 1890 ipre

67 1902 196 1936 certarnen
212 1902 234 1940 ad
254 1902 373 1936 antecedentia
386 1904 438 1947 ittfu—
459 1906 507 1935 trec
524 1902 612 1946 produc
630 1905 649 1937 in
662 1904 754 1937 odtiueude
771 1906 831 1939 stetere

68 1972 110 1995 euru
122 1962 207 2005 spiritum
219 1959 283 2001 refert,
302 1959 347 1993 hunc
363 1961 440 2003 spiritum
459 1960 554 1993 ertttneett,

68 2018 141 2051 infusum
158 2013 222 2050 fontem
240 2017 346 2060 dilectionis,
365 2017 405 2050 fidei
423 2024 441 2051 et
484 2018 513 2060 to)
527 2017 616 2061 Atozeyet,
632 2019 758 2053 mttnnttenee,

68 2076 106 2119 spei
123 2086 162 2109 esse
179 2074 271 2109 assumens.
296 2078 318 2111 Iu
334 2078 365 2110 illo
379 2091 403 2107 =
421 2078 440 2111 in
485 2076 513 2118 tt)
535 2078 582 2110 Vitae
601 2087 642 2121 epos
661 2086 693 2120 per
712 2078 829 2111 oeconomiam

68 2135 144 2169 Dornirto
157 2145 202 2177 esse,
216 2133 289 2168 Heurico
302 2133 363 2168 Rhode
376 2134 439 2178 piacet.
458 2139 535 2168 veterem
555 2134 616 2180 generi
636 2134 709 2168 humano
729 2137 829 2179 proposita;

92 2192 110 2232 4)
124 2190 136 2225 Ι,
150 2203 165 2224 e.
178 2199 263 2227 aeternae.
457 2194 529 2228 ittitium
545 2195 592 2228 ottae
608 2203 640 2237 per
651 2193 723 2237 primunr
737 2193 829 2228 adventum

92 2250 110 2292 5)
124 2249 204 2284 Fortasse
217 2252 233 2283 in
246 2260 309 2295 graeco
322 2248 440 2295 legebaturo‘e
458 2250 518 2284 Christi
537 2256 554 2284 et
572 2250 695 2284 fundationem
707 2252 756 2296 regui
775 2252 828 2286 divini

67 2306 208 2350 ostendendae-oc,
224 2320 264 2344 cum
277 2310 320 2344 tutti
333 2320 387 2345 corrue
399 2321 439 2345 ense
457 2310 473 2343 iu
486 2310 542 2352 terris,
556 2311 684 2345 communitatis
693 2311 740 2344 ettae
748 2310 765 2344 in
774 2320 827 2356 reguo

66 2369 129 2403 soient.
151 2366 224 2399 Sensus:
238 2369 329 2411 Repetens
339 2386 359 2390 ν
368 2373 388 2401 ut
397 2380 438 2402 sum
457 2367 515 2401 divino
528 2368 545 2401 in
558 2365 618 2400 coelis.

67 2430 165 2460 oottsnetno
178 2426 272 2459 esttecum
284 2426 350 2467 partiri
363 2443 382 2449 -
397 2427 439 2460 tene
481 2425 510 2469 12)
523 2429 575 2469 Quem
587 2427 724 2471 praeterierunt,
739 2426 750 2458 i.
765 2436 780 2459 e.
794 2436 826 2459 ve-

66 2484 269 2528 meforemeriturum,
285 2483 302 2516 ci
315 2483 437 2526 eodiecpe'ri-
456 2489 509 2517 terem
539 2483 659 2517 oeconomiam
682 2482 765 2516 Dominus
795 2494 827 2528 per

66 2542 139 2575 teetiter
151 2542 231 2575 cerotem
244 2545 277 2572 etc.
456 2541 549 2586 prophetes
566 2540 653 2584 fundavit,
672 2542 752 2584 instituit,
770 2541 826 2586 patant

90 2598 109 2638 6]
123 2597 153 2631 dis,
169 2599 249 2642 spirtius
266 2598 371 2632 servientes.
397 2596 437 2630 Pot-
456 2598 502 2632 iecit.
527 2598 557 2632 tts.
570 2599 614 2631 mule
627 2601 661 2645 qui.

67 2660 113 2688 torus
138 2655 218 2697 conjicit:
249 2657 317 2701 spiritu
341 2657 446 2698 servientis
480 2656 510 2701 13]
530 2655 543 2689 I.
566 2668 581 2690 e.
602 2667 633 2690 nos
654 2658 686 2701 ipsi
706 2660 760 2694 initio
779 2662 826 2694 ettae

66 2711 175 2745 Schnitzerus
192 2711 217 2756 (in
236 2713 338 2747 recensione
358 2712 437 2746 editionis
455 2713 534 2758 vidimus,
547 2714 825 2761 iiestundetionemregnidivini

66 2772 240 2815 destruentur-nes
249 2772 346 2807 servientis
355 2769 436 2815 (Genitiv.
455 2772 471 2805 in
492 2774 556 2818 terrie,
579 2784 623 2818 quoe
642 2773 691 2808 simul
711 2775 777 2808 initium
798 2780 825 2809 est
