1765 2987
192 187 274 224 renutu
285 187 394 224 uersuum
406 189 436 225 nu
450 190 562 226 uenusros.
576 190 603 226 rv.
617 191 637 226 v.
650 190 678 226 vr.
772 193 813 236 157

58 295 156 338 Christum
172 297 223 339 Patri
228 311 235 348 3
258 310 298 352 qno
315 302 335 338 et
350 309 387 338 vos
403 298 479 352 audiat,
498 305 518 341 et
536 299 649 356 ¹agnoscat
665 314 691 343 ex
706 300 743 354 iis,
764 313 816 354 quae

56 368 109 409 bene
125 369 242 423 operamini,
259 369 346 410 membra
363 381 409 410 esse
424 382 461 412 vos
475 370 518 412 Filii
533 371 601 425 ipsius.
633 372 685 414 Utile
697 372 764 426 itaque
778 376 815 423 est,

56 438 76 478 in
92 438 215 480 immaculata
232 438 307 480 unitate
323 451 360 480 vos
377 451 433 493 esse,
454 444 476 482 ut
491 445 511 481 et
525 453 606 495 semper
624 442 748 497 participetis
764 442 815 483 Deo.

218 567 240 607 V.
271 567 330 608 Laos
345 573 365 608 et
379 569 460 611 utilitas
475 570 539 622 tripes
554 571 649 611 castrans.

117 647 157 691 ²st
173 650 225 691 enim
242 663 281 705 ego
297 651 354 693 brevi
370 654 466 706 temporis
487 652 551 705 spatio
572 651 631 692 talem
650 652 815 695 consuetudinem

57 720 148 760 contraxi
164 732 208 761 cum
225 721 320 775 episcopo
336 725 418 773 vestro,
440 734 491 775 qnae
507 733 548 761 non
565 718 680 773 ³humana,
702 723 738 763 sed
753 723 815 776 spiri-

56 790 114 831 tualis
131 794 172 841 estg
194 795 268 844 quanto
290 802 328 832 vos
349 792 450 832 beatiores
464 791 546 845 judico,
568 792 687 845 conjunctos
704 790 742 832 tei
758 792 816 834 sicuti

57 859 163 902 ⁵ecclesia
179 860 228 902 Jesu
246 861 335 914 Christo,
357 866 377 903 et
391 861 452 903 Jesus
468 861 558 903 Christus
573 861 625 902 Patri
631 874 637 911 3
658 867 680 902 ut
698 862 763 903 omnia
778 875 816 916 per

56 931 151 972 unitatem
167 931 311 972 consentiant?
341 931 406 973 Nemo
423 936 488 974 erret:
510 932 548 972 nisi
570 931 614 985 quis
635 932 686 972 intra
706 932 768 973 altare
784 932 815 985 sit,

55 1002 145 1055 privatur
160 1014 212 1055 pane
227 1002 271 1043 Dei.
303 1001 323 1044 Si
340 1002 391 1043 enim
404 1003 463 1044 nnius
478 1007 538 1056 atque
551 1001 633 1043 alterius
647 1002 737 1056 precatio
751 1005 815 1043 tantas

55 1071 109 1113 uiues
130 1071 200 1132 hahet3
224 1076 296 1127 quanto
319 1073 382 1132 ntagis
403 1073 447 1126 ilia,
472 1086 524 1127 qnae
547 1072 636 1128 episcopi
660 1078 691 1114 est
713 1077 733 1114 et
753 1073 814 1114 totins

57 1143 172 1184 ecclesiae?
204 1144 242 1192 Oui
257 1143 318 1198 igitur
333 1144 353 1184 in
365 1142 485 1185 corruentnm
496 1157 537 1186 non
548 1143 609 1195 venit,
625 1143 658 1184 nic
666 1144 707 1198 J'am
718 1144 814 1197 superbia

56 1212 120 1254 elatus
137 1217 178 1266 est,
199 1217 218 1254 et
233 1214 322 1268 seipsum
338 1216 439 1268 separavit
459 1218 518 1268 atque
534 1213 637 1268 judicavit.
668 1214 766 1268 Scriptum
783 1218 814 1255 est
840 1251 842 1254 .

57 1283 119 1324 enim:
135 1281 252 1336 Gserpentis
264 1279 327 1326 Deos
336 1286 423 1326 resistit.
454 1284 572 1328 Studeamus
587 1284 649 1338 igitur
663 1284 758 1338 episcopo
772 1296 814 1326 nen

56 1353 160 1407 resistere,
176 1357 198 1395 ut
213 1354 275 1396 simus
291 1354 377 1409 subJecti
394 1352 462 1396 ⁷Dc0.
486 1374 492 1377 -

56 1553 87 1594 VI.
117 1554 247 1606 Respiciens
260 1553 380 1606 episcopum
392 1558 415 1594 et
428 1554 533 1596 Christum
545 1554 619 1606 ipsum.
647 1551 759 1594 Onesimus
775 1551 816 1594 aas

330 1625 352 1665 ia
367 1637 390 1664 ue
406 1637 444 1665 cos
458 1625 538 1666 toedet.

113 1701 157 1746 ⁸Et
178 1702 291 1759 ⁹quamdiu
312 1706 356 1758 quis
377 1706 493 1760 episcopum
517 1702 643 1747 ¹⁰tacentem
664 1703 730 1756 videt,
757 1707 812 1745 tanto

55 1775 119 1828 magis
135 1787 180 1815 eum
196 1779 327 1824 revereatur3
344 1774 358 1799 ¹¹
372 1789 512 1830 quemcunque
529 1776 581 1817 enim
596 1774 740 1829 paterfamilias
756 1775 814 1814 mittit

55 1844 81 1885 ad
95 1845 246 1899 gubernandam
263 1845 355 1887 familiam
371 1858 437 1898 suain,
458 1846 512 1887 hunc
527 1846 554 1887 ita
569 1846 662 1899 accipere
680 1843 776 1886 debemus
793 1847 814 1885 ut
838 1855 841 1859 ’

54 1914 109 1956 iilum
124 1916 195 1969 ipsum,
212 1916 246 1969 qni
261 1916 322 1957 mittit.
355 1914 481 1957 Manifestum
497 1915 557 1970 igitur
573 1918 610 1968 est,
627 1913 681 1968 quod
697 1913 814 1968 episcopum

58 1983 73 2009 ¹²
81 1987 185 2040 respicere
201 1991 294 2040 oporteat
308 1991 331 2028 ut
345 1987 410 2042 ipsum
422 1986 534 2027 Dominum.
564 1985 589 2026 Et
603 1985 648 2038 ipse
664 1983 744 2038 quidem
755 1984 813 2025 One-

54 2055 115 2097 simus
126 2068 186 2109 snpra
197 2056 276 2098 modum
287 2056 354 2098 laudat
364 2061 453 2098 vestrum
464 2055 568 2098 decentem
577 2055 707 2109 divinumque
716 2054 813 2106 ordinem,

54 2125 108 2179 quod
124 2138 194 2168 ornnes
209 2127 318 2169 secundnm
329 2128 434 2169 veritatem
445 2127 522 2179 vivatis,
540 2129 559 2167 et
570 2124 624 2179 qnod
634 2126 687 2166 inter
699 2137 737 2165 vos
748 2124 814 2165 nullus

54 2196 80 2236 sit
94 2195 174 2238 haeresi
189 2196 258 2247 locus;
280 2197 317 2239 sed
333 2210 400 2251 neque
416 2197 487 2240 auditis
503 2197 590 2250 aliquem
609 2196 704 2249 amptius,
728 2193 744 2220 ¹⁵
754 2207 814 2249 qnam

53 2265 123 2308 Jesum
140 2266 244 2319 Christum,
260 2267 295 2321 qni
309 2267 397 2322 loquitur
413 2268 540 2328 inveritate.

76 2419 95 2463 8)
109 2417 163 2463 Caput
179 2424 246 2454 sextum
262 2419 279 2452 in
294 2419 374 2454 versione
388 2419 422 2463 Sy·
442 2417 475 2461 24,
488 2417 511 2451 43
530 2423 547 2452 et
564 2416 626 2450 Lucam
641 2416 673 2460 12,
686 2416 715 2451 42.
739 2415 813 2461 ignatius

52 2472 146 2511 riacanou
159 2482 220 2512 exstat.
441 2481 500 2510 noster
524 2475 546 2510 ad
569 2474 615 2509 scios
636 2474 733 2520 Episeopos
754 2473 812 2508 refert.

76 2534 176 2579 9)'Itatis.
200 2531 295 2579 Editidep'.
441 2536 507 2576 Retia,
520 2545 537 2578 p.
550 2534 590 2567 475.

66 2592 95 2635 to)
108 2592 121 2626 Ι,
134 2604 149 2627 e.
162 2603 196 2626 non
207 2594 306 2637 punientem
319 2593 422 2626 auctoritatis
454 2592 484 2636 12]
492 2591 528 2626 ms.
541 2591 644 2635 repertitium.

52 2642 94 2685 snae
111 2655 244 2695 contemptores.
269 2649 304 2686 cn.
316 2652 359 2686 iufra
373 2663 387 2685 c,
401 2650 422 2684 15
453 2651 483 2691 te)
496 2649 526 2683 dis.
539 2650 583 2692 εἴπερ
596 2663 620 2679 =
634 2649 664 2683 sira
676 2649 740 2691 utitem
757 2646 813 2682 libra-

53 2708 239 2743 susurrasset.
440 2710 474 2742 rins
491 2708 536 2741 enim
552 2711 632 2747 nosterp
649 2710 667 2739 et
683 2717 696 2737 a
713 2711 813 2750 permutare

57 2766 95 2812 vii]
107 2766 165 2801 Verba
177 2766 245 2801 Domini
260 2767 307 2811 apud
319 2766 422 2801 Matthaeum
440 2765 490 2801 solet.
