1765 2987
269 128 390 165 BARNABAE
403 130 514 167 EPISTOLA.
533 130 561 166 xt.
574 130 610 166 till.
791 131 817 173 31

62 234 132 277 ¹Haeo
147 236 260 291 significant
276 235 328 278 ²vas
344 237 425 291 spiritus
441 238 496 291 ejus,
513 237 567 289 quod
583 235 682 290 propbeta
698 234 817 288 magnificat.

59 304 137 346 Deinde
153 307 199 359 quid
216 306 277 347 dicit?
302 305 312 330 ³
320 306 348 347 Et
363 314 410 347 eret
423 306 500 357 sinnius
515 321 528 347 e
541 309 618 348 dextre
631 305 705 358 fluens,
722 310 743 346 et
754 317 781 345 ee
795 317 818 344 ee

60 376 191 428 emergebant
205 377 292 417 arbores
306 377 419 427 pulchrae:
434 378 585 429 etquicunque
600 390 627 416 ecc
641 377 684 417 tttts
700 375 818 416 circuduce-

58 446 119 495 uerit,
133 446 190 486 uiuet
200 447 223 484 iu
233 450 345 485 aeteruum.
371 445 413 487 Hoc
425 448 457 498 ait,
469 446 523 498 quod
534 458 571 487 nos
583 445 723 486 descendimus
737 444 817 498 quidem

58 516 160 569 inaquam
174 516 228 569 pleni
240 515 329 568 peccatis
340 528 363 556 ac
373 516 478 566 sortitis,-
493 515 540 557 inde
553 519 618 557 autem
634 515 755 569 emergimus
769 514 816 555 fru-

58 590 111 626 ctum
126 585 281 636 atterentes‚.in
299 585 360 625 eorde
375 587 467 627 timorem
483 591 503 625 et
518 586 538 625 in
554 586 625 637 spiritu
641 596 697 637 spem
712 585 732 624 in
747 584 816 626 Jesum

57 655 158 698 habentes.
184 655 212 696 Et
222 656 339 709 quicunque
349 669 376 696 ec
387 656 430 697 tttts
445 655 618 705 manducaverit,
634 653 691 694 uiuet
706 655 729 694 tn
746 659 815 695 ceter-

56 739 111 767 muu.
142 725 163 767 Id
179 726 237 767 dicit:
258 727 378 779 quicumque
398 738 434 768 eos
455 725 541 767 audierit
559 721 689 777 tranantes,
712 728 732 766 et
747 724 816 770 credi-

57 796 120 849 derit,
136 796 190 838 vivet
205 796 225 836 in
240 801 366 850 perpetuum.

54 923 95 964 Xll.
129 923 188 965 Crura
206 923 287 965 Christi
305 914 407 977 scepeie
425 923 445 965 V.
464 923 486 963 T.
503 923 635 965 currentem.
667 923 732 965 Josue
753 928 815 977 typus

250 991 252 993 ¹
392 994 478 1035 Christi.

113 1074 207 1116 Similiter
222 1079 241 1116 et
255 1087 335 1116 crucem
349 1075 447 1130 significat
462 1076 482 1116 in
498 1076 537 1116 alio
552 1076 650 1130 propbeta
667 1076 758 1117 dicente:
776 1075 815 1116 ⁵et

54 1145 139 1198 quande
160 1145 212 1185 bcee
233 1145 447 1186 correcturumque?
478 1143 525 1186 ⁶Et
544 1146 596 1186 dicit
617 1145 732 1186 Dentibus:
752 1159 814 1199 quam

54 1214 132 1267 liquem
147 1215 271 1258 inclinatum
286 1212 408 1270 [succisum]
430 1217 498 1256 denuo
514 1220 604 1256 ereetum
624 1215 752 1267 constiterit,
776 1213 814 1257 'et

53 1285 155 1338 quamde
171 1285 227 1337 tique
244 1284 331 1337 sanquis
346 1285 465 1325 stillaverit.
495 1285 562 1325 Habes
577 1285 649 1325 iterum
665 1284 690 1325 de
704 1296 776 1337 cruce,
793 1289 813 1325 et

54 1354 79 1396 de
92 1366 128 1407 eo,
145 1355 233 1407 quierat
247 1354 302 1395 eruci
317 1353 443 1408 affigendus,
458 1356 593 1409 praesagium.
624 1353 696 1395 Adbuc
709 1367 760 1396 vero
776 1355 814 1396 bac

53 1424 78 1465 de
91 1437 114 1465 re
127 1424 173 1465 dicit
184 1424 204 1465 in
215 1424 282 1476 Mose,
298 1424 377 1477 quando
387 1425 450 1466 Israel
462 1425 616 1480 impugnabatur
629 1424 653 1464 ab
670 1421 812 1479 ⁸aiienigenis.

52 1493 76 1534 Et
86 1497 108 1534 ut
118 1494 300 1535 commonefaceret
312 1506 354 1547 eos,
371 1495 425 1547 quod
438 1500 521 1549 propter
533 1499 617 1548 peccata
633 1507 669 1536 sue
685 1495 813 1537 traderentur

52 1564 77 1605 ad
93 1569 188 1617 mortem,
205 1564 229 1604 ad
242 1576 278 1605 eor
288 1564 351 1605 nasis
365 1564 412 1605 dicit
425 1565 517 1618 spiritus,
533 1570 554 1606 ut
569 1565 629 1606 iaciat
643 1564 728 1619 figuram
745 1567 811 1607 crucis

52 1640 72 1676 et
87 1635 143 1689 ejus,
165 1636 199 1688 qui
214 1638 258 1675 erat
272 1646 381 1687 passurus3
403 1636 460 1687 quia,
482 1636 534 1676 siin
550 1636 604 1676 hunc
620 1647 662 1677 non
678 1637 811 1689 speraverint,

51 1701 90 1746 9in
105 1709 223 1758 perpetuum
239 1704 349 1745 vincentur.
375 1705 443 1746 Posuit
457 1705 524 1758 itaque
534 1705 602 1746 Moses
617 1717 671 1745 arma
683 1717 745 1758 super
757 1717 811 1746 arma

50 1775 70 1816 in
86 1775 151 1815 medio
173 1771 191 1799 ¹⁰
201 1774 293 1827 aggeris,
316 1777 336 1814 et
357 1786 426 1814 omnes
448 1775 600 1827 supereminens
623 1786 692 1815 manus
714 1775 810 1826 extendit,

53 1844 65 1869 ¹¹
76 1846 145 1898 sicque
157 1855 227 1885 rursus
237 1843 340 1884 Israelitae
353 1845 464 1884 vincebant.
493 1844 558 1892 Quum
572 1848 638 1884 eutem
651 1844 723 1885 iterum
739 1855 809 1885 manus

50 1914 173 1966 demittebat,
194 1915 265 1955 iterum
282 1913 432 1955 occidebantur.
467 1913 507 1955 Cur
522 1914 579 1955 boe?
609 1914 634 1955 Ut
653 1918 809 1969 cognoscerent,

49 2055 70 2089 ab
83 2058 182 2098 argumento
197 2052 279 2097 epistolae
291 2057 359 2087 nostrae
368 2063 419 2097 pror·
462 2052 492 2096 10]
505 2050 552 2096 thq
565 2067 588 2083 =
602 2050 650 2096 πάγη,
663 2055 715 2087 iocur
724 2054 810 2087 eaeeetsue

48 2123 77 2147 sus
90 2112 152 2145 aliena.
438 2110 482 2155 apud
502 2110 577 2153 Hesych.
601 2114 655 2144 Voss.
690 2109 720 2144 bis.
741 2111 809 2154 πηγμῆς,

72 2170 92 2215 7)
104 2168 130 2203 Ex
142 2168 170 2203 IV.
183 2169 249 2203 Esdrae
262 2169 279 2211 5,
293 2169 309 2203 5.
437 2168 487 2202 male.
496 2165 809 2211 Mentibus:adynarogstatutatmn,

72 2228 91 2272 8)
103 2226 116 2261 t
130 2238 144 2260 e,
157 2229 235 2262 Amulee.
248 2227 303 2267 Exod.
318 2226 345 2269 17,
359 2225 369 2259 8
382 2237 418 2271 sqq.
436 2230 507 2261 Nouae:
526 2226 590 2270 πυγμῆς
601 2238 625 2257 z
636 2236 720 2271 pugnus,
736 2237 808 2261 marrae.

48 2285 82 2320 Cir.
96 2286 166 2320 Jaetin.
180 2285 225 2318 Dial.
243 2297 258 2319 e.
272 2283 334 2328 Trypb.
346 2295 363 2317 n.
378 2283 417 2318 111.
436 2283 454 2317 In
467 2284 510 2317 libro
523 2283 579 2317 Exodi
593 2283 621 2326 17,
633 2282 643 2315 9
656 2283 736 2328 legimus,
750 2283 809 2317 Mosen

46 2355 63 2388 p.
76 2342 116 2376 204.
140 2344 187 2377 Tert.
201 2344 239 2377 adv.
252 2342 291 2376 tut.
305 2353 320 2375 e.
335 2342 362 2375 10.
378 2343 417 2376 adv,
436 2343 453 2375 in
471 2345 509 2377 toeo
527 2342 599 2376 excelse
616 2341 694 2384 stetisse,
711 2341 752 2381 ,ideo
769 2351 808 2374 cnm

47 2401 97 2435 blare.
110 2399 144 2443 lii,
158 2400 185 2434 18.
205 2400 234 2434 ubi
250 2401 302 2434 iidem
315 2401 351 2445 typi
363 2410 417 2444 repe·
435 2399 496 2433 Vossio
513 2396 563 2442 reim
578 2398 671 2444 tegendum
687 2404 733 2442 puto.
759 2397 807 2432 Con-

46 2460 117 2493 rinntur.
251 2465 253 2467 ·
433 2456 500 2500 jectura
514 2456 592 2491 Doctoris
605 2456 657 2490 Noite
672 2457 728 2490 minus
743 2455 806 2500 placet,

70 2517 89 2561 9)
108 2518 130 2550 In
147 2522 253 2561 perpetuum
271 2517 375 2557 eirteentur,
393 2515 417 2547 ita
436 2516 475 2560 quia
486 2514 543 2548 Moses
555 2525 614 2548 manus
632 2514 682 2548 armis
696 2519 766 2548 onustas
778 2514 807 2547 vix

46 2581 64 2608 ut
76 2583 161 2618 nunquam
174 2574 259 2607 victorum
266 2572 326 2618 jugum
335 2577 416 2605 excutere
435 2573 519 2617 potuisset
532 2571 631 2605 extendere.

45 2631 119 2677 possint3
136 2640 176 2663 nam
191 2629 235 2664 haec
252 2635 279 2664 est
294 2630 379 2664 interdum
390 2631 416 2665 vis
458 2630 489 2673 11)
502 2629 561 2665 Stabat
573 2630 625 2674 igitur
637 2628 654 2661 in
667 2628 721 2662 forma
734 2629 794 2662 erucis.

45 2690 94 2727 uerbi
106 2688 212 2730 πολεμοῦμαι-
237 2688 307 2722 Creme.
