1789 2987
100 193 144 235 438
245 189 337 224 nnuman
350 189 440 224 PASTOR.
464 189 529 225 LIBER
541 190 568 224 111.
593 188 676 223 stultit.
689 189 709 222 X.

101 299 221 352 quicumque
236 302 292 338 recte
308 297 376 338 iacere
391 300 486 349 possunt;
502 296 555 337 bona
571 308 632 350 opera
643 308 748 348 exercere,
764 297 812 337 utile
825 303 856 339 est

99 369 145 409 iltis.
170 369 220 408 Dico
237 372 308 418 autem,
327 365 420 406 ¹omnem
436 365 536 406 heininem
553 366 578 407 tte
588 365 718 407 incommodis
730 365 780 419 eripi
791 378 855 420 opor-

99 443 149 479 tere.
175 438 193 478 Is
209 438 267 489 enim,
284 437 317 490 qui
333 440 386 491 eget,
403 439 423 475 et
435 436 455 475 in
466 436 580 488 quetidiana
590 436 630 476 vita
640 436 713 489 patitur
723 437 856 490 incommoda,

98 509 119 549 iu
134 520 207 563 magno
221 512 322 549 tormento
339 511 369 547 est
380 518 403 545 ae
413 507 540 546 necessitate.
567 506 660 559 Quisquis
671 507 731 561 igitur
741 507 856 561 hujusmodi

99 579 184 618 animam
204 578 262 629 eripit
282 577 307 616 de
327 576 459 627 necessitate,
480 589 573 630 magnum
593 576 687 630 gaudium
707 577 745 617 sibi
765 578 854 630 acquirit.

98 648 147 689 Nam
163 648 187 699 is,
203 648 237 700 qui
251 646 365 701 hujusmodi
381 651 466 686 vexatur
481 646 614 698 incommodo,
630 646 673 699 pari
689 650 789 687 tormento
807 659 856 688 cru-

99 719 173 770 ciatur,
195 723 255 769 atque
275 730 299 757 se
318 721 399 769 torquet
418 717 446 769 iS,
463 718 500 770 qui
520 718 540 757 in
560 717 645 758 vinculis
666 721 701 757 est.
732 717 788 757 ttutu
804 718 856 758 enim

98 793 182 841 propior
196 787 310 841 hujusmodi
326 787 453 839 calamitates,
470 800 530 839 quum
546 799 581 827 eas
597 788 697 828 sustinere
712 800 752 828 non
765 791 856 839 possunt,

99 863 184 898 mortem
200 859 237 899 sini
253 858 385 898 consciscunt.
412 858 450 905 Qui
464 859 520 898 novit
533 859 593 912 igitur
604 858 732 899 calamitatem
742 858 856 912 hujusmodi

99 928 197 980 hominis,
214 933 234 967 et
249 940 290 967 non
306 927 364 980 eripit
380 939 436 979 eum,
458 941 550 981 magnum
566 932 669 981 peccatum
685 928 779 980 admittit,
801 933 820 968 et
835 928 857 968 fir

98 1009 146 1037 reus
162 997 266 1051 sanguinis
283 997 332 1050 ejus.
362 996 429 1036 Facite
445 997 507 1050 igitur
523 998 584 1049 opera
600 998 664 1050 bona,
683 999 802 1051 quicumque
818 1011 855 1038 ae-

99 1067 179 1121 cepistis
195 1080 206 1107 a
222 1067 319 1117 Domino,
341 1078 379 1118 ne,
400 1065 445 1106 dum
467 1066 570 1107 moramini
585 1065 664 1120 facere,
688 1066 856 1109 ²eonsummetur

86 1142 198 1178 structura
213 1138 274 1177 turris
280 1151 286 1187 ;
306 1140 389 1189 propter
408 1148 445 1177 vos
466 1137 518 1176 enim
533 1138 667 1178 intermissum
684 1144 715 1179 est
727 1151 781 1192 epus
797 1139 855 1180 aedi-

98 1207 195 1249 fieationis
211 1209 261 1262 eJus.
292 1207 335 1247 Nisi
351 1207 411 1260 igitur
427 1207 569 1248 festinaveritis
585 1206 653 1248 facere
668 1214 736 1261 recte,
757 1221 855 1249 consum-

98 1264 183 1318 mabitur
203 1278 276 1329 turris,
300 1282 320 1317 et
342 1276 494 1318 excludeinini.“
525 1278 631 1331 Postquam
652 1291 702 1319 vero
724 1273 805 1321 locutus
824 1284 855 1320 est

98 1360 188 1399 mecum,
209 1347 297 1388 surrexit
312 1347 337 1388 de
353 1348 416 1398 tecte,
433 1352 452 1388 et
468 1348 594 1402 apprehenso
610 1353 692 1401 pastore
708 1354 727 1390 et
743 1350 854 1404 virginibus

98 1418 151 1459 abiit.
181 1418 237 1458 Dixit
252 1421 317 1458 autem
332 1417 386 1470 anitii,
403 1419 533 1459 remissurum
549 1429 572 1459 se
587 1423 688 1471 pastorem
704 1419 758 1460 iilum
775 1424 795 1460 et
810 1419 854 1460 vir-

98 1488 157 1543 gines
173 1488 216 1528 iiias
232 1488 252 1528 in
268 1487 347 1528 deinum
362 1500 432 1528 meam.

91 1642 93 1645 Α
122 1613 145 1659 1)v
155 1612 267 1646 Commendat
280 1612 407 1656 eleemosynam
421 1616 479 1657 etet
512 1614 531 1657 2)
546 1612 691 1658 erasmum,
705 1615 721 1649 5.
