1765 2987
353 198 540 303 11666.

290 605 627 683 Ρ111111111110.

151 868 225 925 Quum
243 869 381 916 vetustiores
400 866 453 914 illae
472 880 527 929 quas
542 865 650 913 babemus
664 864 754 917 Patroni
770 866 840 927 Apo-

80 946 212 995 stolicorum
227 945 375 992 collectiones
387 950 434 990 tum
448 943 476 990 ob
491 945 607 990 caritatem
622 949 668 989 tum
684 941 712 989 ob
725 943 840 988 raritatem

78 1024 129 1071 usui
152 1022 243 1086 publico
271 1028 293 1068 et
318 1023 398 1082 maJori
422 1019 548 1067 auditorum
573 1020 696 1066 conventui
721 1020 744 1064 in
767 1033 840 1080 prae-

77 1099 213 1147 lectionibus
237 1097 374 1150 academicis
398 1099 471 1144 611666
495 1102 572 1145 666661
594 1102 672 1158 aptae⁷
701 1094 729 1141 ad
756 1108 840 1141 novam

79 1174 138 1220 lianc
163 1174 322 1221 collectionem
347 1173 499 1220 adornandam
523 1179 574 1219 ante
598 1172 698 1219 sedecim
722 1185 792 1217 annos
818 1175 840 1216 et

79 1251 177 1295 animum
196 1257 218 1295 61
236 1262 315 1295 manus
334 1249 482 1295 admovimus.
516 1249 615 1296 Primam
637 1247 758 1293 editionem
782 1261 840 1307 quae

79 1342 98 1372 a.
115 1324 181 1372 1839
197 1324 288 1387 prodiit
307 1323 406 1371 secunda
426 1331 449 1370 et
466 1326 532 1370 tertia
552 1325 616 1371 annis
638 1322 702 1369 1842
724 1328 746 1368 61
766 1322 841 1380 1847,

79 1401 177 1463 denique
195 1401 229 1447 his
248 1402 303 1463 ipsis
322 1398 401 1446 diebus
419 1399 477 1446 baec
497 1406 575 1462 quarta
594 1406 672 1447 secuta
691 1406 738 1457 661,
761 1405 783 1444 61
803 1400 841 1461 qui

78 1476 180 1537 singulas
195 1478 254 1522 inter
268 1491 293 1524 se
308 1475 364 1522 velit
379 1490 520 1538 comparare,
534 1478 673 1539 posteriores
683 1475 757 1523 multis
768 1475 839 1522 modis

79 1552 192 1617 prioribus
215 1559 332 1615 praestare
355 1565 401 1599 non
425 1552 523 1613 negabit.
558 1552 634 1599 Prima
660 1551 727 1598 editio
753 1558 840 1598 textum

80 1643 189 1691 graecum
208 1630 270 1688 [sine
289 1630 397 1676 versione
415 1627 496 1689 latina]
521 1644 534 1675 6
555 1629 753 1691 praestantissimis
776 1627 839 1675 libris

79 1706 199 1766 repetitum
214 1710 237 1749 61
250 1705 334 1765 passim
348 1707 491 1764 recognitum
505 1719 555 1750 oum
569 1708 648 1766 paucis
659 1704 840 1751 adnotationibus

80 1779 187 1826 exhibuit.
216 1778 323 1826 Secunda
341 1786 406 1826 aucta
425 1787 460 1827 est
474 1779 539 1827 Actis
559 1782 662 1843 martyrii
678 1779 702 1826 S,
717 1779 799 1839 Ignatii
818 1787 840 1826 61

80 1854 175 1919 epistola
194 1855 307 1903 ecclesiae
326 1856 473 1918 Smyrnensis
493 1856 521 1903 de
539 1858 648 1918 martyrio
669 1855 839 1918 6661661661,

80 1937 146 1992 atque
164 1932 237 1977 textui
256 1946 341 1994 graeco
360 1931 445 1994 pluries
464 1932 583 1979 emendato
607 1931 680 1978 addita
705 1937 739 1977 est
760 1934 839 1978 versio

78 2006 155 2065 latina,
175 2021 241 2068 quam
259 2011 282 2054 in
300 2007 381 2069 ignatii
400 2008 494 2070 epistola
514 2009 541 2056 ad
559 2009 676 2056 Romanos
695 2007 840 2067 aRuinarto,

79 2084 102 2128 in
119 2081 185 2129 Actis
209 2085 311 2145 martyrii
335 2083 358 2131 S.
380 2083 467 2144 Ignatii·
484 2100 497 2130 a
516 2084 607 2132 Clerico
632 2091 654 2130 et
671 2083 794 2142 Romano,
817 2087 840 2130 in

80 2157 175 2219 epistola
190 2158 227 2205 *ad
245 2159 383 2220 Diognetum
406 2159 536 2208 aHenrico
556 2160 684 2223 Stephano,
707 2162 730 2205 in
753 2162 839 2207 cunctis

79 2233 172 2295 reliquis
196 2235 297 2296 epistolis
322 2251 334 2282 a
354 2233 469 2283 Cotelerio
493 2240 587 2284 mutuati
610 2252 687 2284 sumus
712 2243 734 2282 et
758 2236 839 2283 millies

80 2308 256 2357 emendavimus.
282 2310 377 2373 1666666
391 2311 478 2359 indices
492 2328 567 2360 rerum
584 2320 606 2359 et
620 2327 777 2376 personarum7
796 2327 839 2358 666

79 2399 124 2431 666
143 2392 165 2431 61
178 2385 353 2447 Prolegomenan
371 2390 395 2435 in
414 2389 493 2449 quibus
513 2389 541 2436 de
556 2390 650 2451 singulis
664 2390 756 2436 Patrum
768 2388 838 2449 Apo-

79 2460 210 2508 stolicorum
238 2462 357 2524 operibus3
390 2479 469 2511 eorum
499 2465 551 2512 fatis
581 2473 603 2512 61
630 2465 777 2523 editionibus,
810 2465 838 2511 de

79 2535 193 2582 authentia
216 2543 238 2582 61
260 2540 389 2598 integritate
414 2547 456 2587 616.
479 2541 609 2601 disseritur⁹
633 2540 700 2588 valde
726 2542 839 2598 66616166,

30 2636 33 2644 ·
79 2611 172 2658 devita
191 2605 332 2674 singulorum
345 2615 434 2662 Petrum
454 2617 526 2664 verba
544 2617 639 2664 lecimus
659 2623 681 2661 et
698 2615 791 2663 uberius
810 2617 839 2662 de

79 2687 246 2758 quaestionibus
262 2691 345 2738 criticis
360 2689 528 2759 disputaiimus.
549 2723 578 2729 ω
599 2692 650 2739 Non
664 2706 742 2753 parum
757 2691 838 2741 deinde
