1765 2987
225 177 308 216 tanum
320 177 427 214 EPISTULA
439 178 470 213 AD
482 177 594 215 ROMANOS.
606 179 634 215 vt.
648 179 684 215 VII.
793 181 837 224 205

218 345 248 385 VI.
278 345 345 385 morte
359 357 405 385 mea
419 358 490 386 oerum
504 347 569 388 eitam
585 359 693 400 assequar.

138 426 204 468 ¹Nihit
220 427 267 467 mihi
282 427 393 481 proderunt
408 428 475 469 muudi
486 429 605 483 voluptates,
620 441 688 483 neque
701 428 761 482 hujtrs
772 427 836 469 seculi

76 509 145 551 regna.
162 495 286 537 “Praestat
307 497 367 548 mihi,
389 497 409 537 in
429 498 478 539 tesu
499 499 577 540 Christo
598 500 660 550 movi,
684 511 742 551 quam
763 498 835 539 finibus

76 573 142 609 terrae
158 567 264 621 imperare.
296 563 316 622 [3
329 565 385 615 Ouid
399 560 453 607 enim
465 568 555 621 prodest
568 567 658 617 homini,
678 568 698 608 oi
713 567 836 608 uniuersum

75 637 293 686 numentanorum,
316 636 398 677 animae
414 651 464 679 oero
480 651 531 678 suae
551 638 695 678 detrimentum
707 635 834 693 potieturt]

75 707 130 748 litum
147 718 230 759 quaero,
247 705 333 759 quitpro
345 707 403 748 uobis
413 711 503 748 mortuus
515 711 545 748 est
551 720 558 757 ς
573 707 627 747 ilium
638 706 693 757 voto,
709 707 743 759 qui
753 711 835 760 propter

75 788 113 818 nos
128 776 247 817 resurrexit.
267 773 367 816 ‘iPartus
387 776 434 817 mihi
454 777 518 818 instat.
549 776 651 831 Ignoscite
670 775 729 828 mihi,
749 775 835 817 fratres!

75 847 105 888 Ne
121 859 153 887 me
168 846 238 888 vivere
253 845 377 900 impediatis3
399 859 425 888 ne
446 847 512 888 vetitis
531 845 579 888 5me
599 847 661 898 mori3
682 857 715 886 me
730 846 768 888 Dei
789 858 835 888 esse

75 918 188 970 cupientem
204 915 279 958 mundo
295 929 321 958 ne
337 913 436 958 ⁶tradatis
451 913 545 972 [⁷neque
560 930 597 972 per
613 917 714 959 materiam
728 929 760 957 me
771 916 835 958 sedu-

75 983 141 1042 catis}
173 986 235 1030 Sinite
250 999 283 1027 me
298 999 369 1040 purum
384 986 451 1027 lumen
466 988 572 1041 percipere
578 1001 583 1037 3
604 988 638 1028 ubi
657 987 704 1028 iituc
724 986 834 1038 advenero,

74 1056 135 1098 homo
151 1056 189 1097 Dei
205 1068 247 1098 ero.
278 1052 406 1098 8Concedite
422 1057 469 1098 mihi
484 1057 602 1099 imitatorem
619 1069 665 1100 esse
682 1056 781 1112 passionis
796 1056 834 1097 Dei

74 1127 119 1167 mei.
151 1127 171 1169 Si
187 1127 231 1179 quis
246 1126 300 1167 ilium
315 1127 336 1167 in
352 1128 419 1181 seipso
435 1127 506 1179 habet,
527 1128 634 1181 intelligat,
655 1128 703 1181 quid
722 1127 793 1179 velim,
814 1131 834 1167 et

74 1196 239 1237 eommIsereatur
254 1197 300 1249 mei,
316 1197 389 1249 sciens,
405 1209 457 1251 quae
473 1210 504 1239 me
521 1194 648 1239 ⁹eoarotent.

132 1393 171 1435 vu.
202 1394 257 1436 Mori
274 1394 380 1445 desidero,
397 1407 444 1436 uum
459 1407 519 1436 amor
534 1407 591 1436 meus
607 1394 723 1446 erumpens
739 1399 775 1436 est.

135 1471 151 1499 ¹⁰
160 1476 254 1530 Princeps
276 1475 336 1531 hujus
357 1476 421 1517 seculi
440 1488 513 1529 rapere
527 1479 565 1517 'me
586 1476 639 1528 vult,
663 1488 767 1529 meamque
783 1488 832 1531 erga

73 1546 137 1588 Deum
154 1546 275 1589 voluntatem
286 1559 423 1601 eorrumpere.
453 1546 517 1589 Nemo
529 1558 579 1601 ergo
590 1550 685 1599 vestrum,
701 1547 734 1601 qui
750 1547 830 1600 adestis,

73 1616 127 1657 illum
138 1617 220 1671 adjuvet
224 1632 231 1668 ς
246 1618 285 1658 mei
295 1617 368 1670 potius,
384 1617 396 1657 i.
408 1617 481 1671 e.>Dei,
499 1616 641 1659 Hefficiamini.
667 1617 713 1659 Non
727 1618 830 1672 loquimini

72 1756 143 1801 nourrii)
153 1757 221 1802 aliquid
228 1758 294 1802 faeere,
305 1758 379 1791 trudere.
395 1755 441 1790 Haeo
460 1759 497 1791 theo
513 1755 676 1798 Alexandrino‚,uv
694 1767 715 1789 ex
733 1756 829 1801 fragmento

72 1812 124 1847 lectio
141 1816 230 1857 purpurante
244 1824 277 1847 non
291 1813 345 1847 solum
358 1815 440 1857 optimum
460 1814 535 1857 ejusdem
549 1817 635 1857 (Curetum
647 1814 658 1848 l.
671 1815 695 1858 q.)
708 1815 816 1858 perspicitur.

72 1883 140 1905 sensum
152 1872 231 1917 praebet,
244 1872 274 1905 sed
284 1874 335 1905 etiam
344 1883 382 1905 eum
391 1873 440 1916 frag-
482 1871 503 1915 8)
515 1868 623 1916 'Enzrpr'pars
635 1897 639 1904 .
652 1896 656 1903 .
670 1872 712 1905 Oeno
724 1885 761 1914 μου.
779 1872 828 1906 Haec

71 1937 129 1964 mento
148 1929 232 1964 Timothei
251 1930 322 1974 Syriam
341 1930 440 1973 concordat,
459 1940 493 1964 non
513 1929 567 1964 solum
585 1931 602 1964 in
620 1930 716 1976 fragmento
733 1933 827 1976 Timothei,

71 1989 88 2022 in
103 1999 136 2033 quo
149 1987 221 2033 tegiturz
233 1990 288 2024 nolite
301 1991 376 2035 efficere,
389 1995 409 2025 ut
421 1992 441 2024 in
459 1988 490 2023 sed
508 1989 558 2022 etium
572 1989 588 2023 in
601 1989 676 2033 Syriacis
689 1992 752 2026 Seueri
764 1989 828 2023 Antio-

71 2049 135 2082 irrorato
145 2049 205 2092 stupam
214 2052 231 2080 et
240 2057 278 2080 cum
288 2047 367 2082 versione
376 2047 440 2082 Arme·
459 2046 508 2080 rheni
526 2046 626 2092 fragmentis
645 2053 717 2081 exstant.
744 2050 827 2092 Curetoo,

71 2104 146 2139 niueae:
156 2107 220 2140 turencio
229 2116 256 2140 me
264 2117 286 2140 ne
294 2106 390 2151 turpiorini.
404 2103 439 2138 cu.
458 2105 486 2138 the
493 2107 562 2138 ancient
567 2105 627 2149 Syriae
633 2107 702 2140 version
709 2105 759 2139 1845.
766 2117 794 2150 pp.
800 2106 827 2140 28.

70 2164 186 2207 Petermmzn,
211 2162 264 2208 ignat.
291 2163 340 2207 epist,
361 2174 377 2207 p.
399 2163 438 2197 166.
458 2163 485 2197 10,
500 2163 528 2196 50.
553 2162 605 2207 Corp.
617 2163 670 2209 ignat.
683 2175 700 2207 p.
710 2164 742 2196 211
758 2170 775 2197 et
787 2164 827 2199 243.

57 2220 130 2264 [Codex
149 2231 221 2266 graecus
243 2220 366 2265 (colbertinus)
387 2220 440 2254 habet
458 2221 492 2254 213
505 2227 523 2256 et
535 2222 575 2255 215.
588 2222 623 2255 216
636 2228 652 2255 et
665 2221 705 2255 248.

69 2277 273 2324 pappnpotezuvumto
297 2291 319 2314 ne
340 2282 438 2326 prudentie,
481 2279 500 2324 9)
513 2280 594 2324 Συνίχην
607 2295 631 2311 =
645 2286 734 2315 coarctare
752 2280 792 2315 Luc.
810 2280 826 2324 8,

70 2337 115 2383 quod
122 2339 192 2372 arctiori
199 2349 236 2371 eum
244 2338 387 2372 antecedentibus
394 2349 439 2371 nexu
457 2338 485 2371 45.
504 2339 533 2381 12,
547 2338 574 2372 50.

71 2401 124 2429 earet.
149 2395 203 2430 vous
216 2396 302 2441 interpres
314 2396 376 2430 latinus
389 2395 438 2441 tegit:
470 2395 499 2435 tot
513 2394 568 2438 otajor
579 2406 618 2441 pars
631 2397 691 2440 eapitis
703 2395 759 2439 hujus,
772 2407 824 2441 prae-

69 2451 96 2485 tot
109 2451 329 2500 niquouoipepupttpts,
341 2467 375 2502 per
383 2467 438 2490 ntuu-
456 2455 515 2487 sertim
532 2455 597 2488 initium
614 2466 668 2500 usque
685 2454 706 2488 ad
718 2451 728 2485 δ
739 2451 777 2495 ἒμός
789 2454 826 2498 ἔρως

69 2514 111 2547 ttunn
123 2524 145 2547 ne
157 2515 244 2558 separetis
256 2524 294 2556 me,
307 2524 331 2547 so.
344 2523 354 2546 a
367 2512 411 2547 Deo.
457 2524 470 2543 κ.
483 2512 599 2557 τ.λ,,«ῆριιά
620 2512 680 2555 Syrum
704 2521 739 2545 uon
763 2517 824 2548 exstat.

93 2569 112 2613 7)
132 2571 152 2605 In
171 2571 253 2605 versione
273 2571 325 2605 tatina
350 2573 437 2617 sequitur:
456 2570 523 2604 Phrasis
543 2568 553 2602 ὁ
571 2567 627 2614 ἅρχων
645 2572 675 2602 τοῦ
692 2569 748 2607 αῖῶνος
763 2569 825 2603 τούτου

68 2631 370 2673 nepuepermateriumpenitentie.
391 2630 438 2664 Haec
456 2640 477 2663 ex
489 2628 586 2673 Evangelio
603 2627 620 2662 S.
633 2627 695 2662 toann.
710 2627 738 2671 16,
751 2629 772 2663 11
791 2629 824 2664 de-

68 2685 86 2719 in
103 2685 163 2719 codiee
177 2697 240 2731 graeco
253 2687 323 2731 desunt3
340 2687 371 2722 sed
386 2688 437 2734 lege·
455 2692 508 2721 sumta
520 2687 595 2721 videtur.

68 2741 130 2778 hanun
142 2744 181 2778 olim
193 2744 215 2780 ab
227 2745 308 2780 Armenio
321 2751 339 2780 et
351 2756 360 2780 u
373 2749 436 2783 Timo·
467 2745 496 2788 11)
510 2744 537 2780 Se.
549 2745 614 2788 βοηθοί.
633 2746 728 2781 Oennrovs.
