1789 2987
93 197 188 233 amarunt
386 189 558 235 PROLEGOIIENA.
735 199 850 246 [EPISTULA

94 319 121 349 ex
136 306 196 348 variis
212 305 313 347 uariorum
329 304 425 346 librorum
442 308 551 360 generibus
568 310 587 347 et
602 307 730 361 argumentis,
747 320 812 361 neque
824 321 850 350 ex

93 383 210 430 temporum,
227 376 299 428 quibus
314 375 388 429 singuli
404 374 448 416 libri
465 377 489 417 ab
506 378 577 419 eodem
592 382 675 418 auctore
686 379 793 432 conscn'pti
804 381 849 432 sint,

91 448 201 502 majoribus
217 445 326 487 intervallis
343 446 448 486 commode
465 449 561 501 explicari
576 453 649 501 potest,
668 447 704 488 sed
721 448 822 489 diversum
838 461 849 489 a

90 518 169 558 tustino
190 517 249 570 hujus
271 516 369 569 epistolae
390 520 492 556 auctorem
513 518 576 558 folsse
597 516 701 558 manifesto
722 517 795 558 indicio
813 520 848 558 est.

89 588 133 628 Huc
152 587 241 638 accedit,
264 585 328 639 quod⁷
351 598 394 627 cum
410 585 510 628 lustinum
531 586 709 629 animadvertamus
728 599 768 627 non
784 587 849 628 solum

90 662 183 698 accurata
203 657 255 710 legis
271 656 371 696 llosaicae
394 661 413 696 et
433 658 576 711 prophetarum
592 657 711 712 cognitione
730 658 848 698 instructum

90 739 147 778 esse,
172 726 208 767 sed
231 727 289 766 etlam
311 738 415 766 sacrorum
436 728 458 767 V.
479 728 501 768 Τ.
525 727 621 768 librorum
645 726 765 767 divinitatem
789 739 848 779 quam

89 798 174 837 maxime
190 796 290 848 venerari,
307 809 333 836 err
349 796 415 849 iisque
430 796 454 836 ad
467 797 612 838 defendendam
623 797 741 850 religionem
753 796 847 837 clrristia-

88 878 133 906 nam
150 870 266 919 argumenta
283 866 401 919 saepissime
416 871 486 920 petere
492 880 498 917 3
516 873 585 908 contra
596 867 655 921 hujus
667 866 764 920 epistolae
775 870 847 907 aucto-

88 948 131 976 rcm
150 934 241 977 ridemus
258 936 320 977 libros
335 937 358 977 V.
375 937 396 978 T.
414 949 483 990 parum
499 949 581 988 curare,
602 950 646 977 cum
661 949 727 989 neque
743 937 847 977 ullnmex

88 1005 112 1045 iis
134 1005 199 1046 locum
221 1006 305 1059 alleget,
327 1017 365 1046 nec
386 1007 448 1046 verbo
470 1006 549 1059 quidem
566 1006 650 1046 diuInam
667 1007 691 1046 iis
708 1007 845 1047 auctoritatem

87 1075 176 1115 vindicet
189 1073 219 1129 ¹),
237 1087 353 1128 quamquam
370 1074 492 1115 ludaeorum
508 1076 662 1128 superstitiones
678 1075 789 1128 increpanti
804 1087 846 1116 non

87 1144 151 1185 solnm
169 1148 281 1197 opportuna
298 1144 379 1185 occasio
396 1144 460 1185 oblata
477 1144 513 1197 sit,
530 1144 566 1185 sed
582 1157 647 1199 paene
662 1146 754 1198 imposita
770 1156 846 1185 neces-

87 1215 147 1266 sitas,
165 1215 189 1255 de
206 1215 272 1255 divina
287 1214 392 1269 religionis
408 1212 503 1254 indemne
520 1215 605 1268 origine,
622 1215 687 1267 deque
704 1215 788 1255 consilio
805 1226 845 1267 quo

86 1284 141 1324 Deus
154 1284 220 1337 legem
233 1284 286 1324 dedit
297 1284 371 1337 populo
382 1283 491 1324 Israelitico
504 1283 623 1335 disserendi,
634 1296 660 1324 ne
672 1297 702 1335 ea,
714 1297 765 1337 quae
777 1283 844 1325 divino

86 1352 175 1394 instituto
191 1354 290 1405 nituntur,
312 1365 351 1393 una
367 1366 411 1393 cnm
427 1353 530 1393 erroribus
547 1358 567 1393 et
584 1354 770 1407 superstitionibus,
794 1365 845 1406 quae

87 1428 159 1476 postea
175 1424 306 1476 irrepserunt,
321 1423 408 1476 rejicere
424 1421 539 1463 videreturt
552 1421 579 1477 2).

118 1495 122 1501 '
145 1493 224 1533 Revera
247 1493 281 1545 qni
296 1492 440 1544 Apostolorum
461 1493 555 1545 epistolas
577 1498 597 1533 et
617 1505 677 1546 opera
693 1493 771 1533 Patrum
787 1493 844 1545 primi

87 1567 107 1605 el
123 1563 207 1605 secundi
222 1562 287 1603 secali
303 1575 420 1616 comparare
430 1563 484 1614 vetit,
501 1575 591 1616 magnam
603 1561 700 1615 quandam
713 1562 843 1602 differentiam

85 1635 201 1687 perspiciet,
213 1646 264 1686 qnae
274 1633 333 1674 nobis
345 1636 429 1672 aetatem
441 1623 537 1685 epistolae
548 1633 572 1673 ad
583 1633 704 1686 Diognetum
716 1633 843 1685 investigan-

84 1705 137 1744 tibus
152 1703 216 1743 lucem
230 1703 305 1742 artene
320 1704 399 1754 poterit.
427 1703 491 1750 Quum
506 1702 588 1742 enimin
600 1702 689 1754 epistolis
701 1701 843 1755 Apostolorum

84 1778 104 1814 et
115 1773 221 1813 Clerrrentis
232 1772 315 1813 Romani
330 1772 399 1813 nullibi
415 1772 481 1813 odium
497 1771 548 1825 legis
560 1771 654 1812 Iudaicae
670 1772 727 1812 nobis
743 1775 843 1823 occurrat,

83 1844 119 1885 sed
139 1844 204 1883 divina
224 1844 300 1883 ueteris
321 1842 410 1884 foederis
428 1843 523 1882 institutio
544 1842 618 1895 ubique
638 1847 761 1894 agnoscatur
780 1845 800 1881 et
818 1842 842 1881 ab

83 1913 175 1954 omnibus
195 1912 284 1961 colaturJ
305 1916 352 1964 post
372 1913 499 1952 eversionem
515 1912 699 1964 Hierosolymorum
720 1924 771 1951 rem·
783 1911 843 1964 plane

83 1986 183 2035 mutatam,
199 1981 288 2022 Iudaeos
304 1981 358 2021 omni
373 1980 420 2023 odio
437 1986 506 2022 contra
517 1981 639 2034 CirrisIIanos
653 1971 759 2033 certantes,
776 1985 795 2022 et
806 1981 843 2023 hos
887 1982 888 1985 ’

84 2121 119 2154 und
140 2120 177 2165 gibt
197 2121 254 2153 seiner
275 2119 383 2164 Darstellung
404 2119 456 2153 durch
474 2120 518 2152 viele
534 2119 602 2153 Wbrter
620 2120 654 2152 und
673 2118 789 2153 ssedensarren
808 2131 841 2165 ge-

84 2180 158 2224 passend
177 2179 264 2223 gewahlte
282 2176 388 2223 Gcgcnsit'ze
405 2179 455 2211 einen
473 2178 596 2221 branchtslnd⁷
607 2177 842 2212 welchetusrinntchrhant

84 2236 206 2281 naclrlraltigen
218 2237 260 2270 Reiz
275 2238 298 2280 [e.
312 2248 328 2281 g.
342 2248 356 2270 c.
370 2237 400 2281 5];
416 2242 455 2271 statt
473 2237 594 2282 Argumentum
607 2237 645 2280 hoc,
659 2246 680 2270 ex
692 2237 732 2280 slpli
745 2237 843 2271 diversitate

84 2296 123 2330 dass
142 2295 197 2329 lustin
217 2296 267 2329 meist
289 2295 322 2328 den
340 2294 454 2339 Gegenstand
473 2295 586 2339 depromtum,
599 2284 677 2328 enervari
690 2304 793 2339 nonposse,
805 2296 842 2339 ipse

83 2354 163 2390 wetcnen
176 2364 194 2386 er
202 2352 300 2396 herrandus,
314 2351 366 2385 durch
376 2352 454 2396 ungeba-
472 2353 502 2387 Drr
516 2353 555 2388 Otto
568 2354 649 2387 concedit
665 2353 750 2397 [Epistola
763 2353 784 2386 ad
796 2353 842 2386 Djo-

82 2413 120 2457 rige
129 2411 249 2445 Einsclriebsel
262 2411 342 2444 zerreisst
354 2411 388 2443 und
401 2409 454 2443 iiber-
473 2417 551 2456 gnatum,
565 2411 605 2444 edit.
615 2410 652 2444 naa,
665 2421 681 2454 p.
695 2410 716 2443 36
729 2422 766 2455 sqq.

82 2467 454 2516 hauptohnelogischetlrdnnngbespricffl,
496 2471 513 2512 l]
527 2470 560 2504 Cfr.
574 2471 656 2505 Serniccb
668 2468 679 2502 l.
693 2479 707 2502 c.
720 2479 737 2512 p.
752 2468 791 2502 180.

82 2530 158 2574 verlolgt
178 2530 208 2563 der
228 2528 317 2562 Verlasser
338 2527 368 2559 des
389 2526 455 2560 Brieles
496 2528 515 2571 2]
529 2528 583 2569 uerit,
601 2527 611 2561 l.
625 2539 639 2561 c.
653 2537 669 2570 p.
683 2525 722 2559 111.
747 2524 780 2559 Cfr.
797 2536 842 2571 qnae

82 2588 120 2621 scin
131 2587 193 2630 Olrject
205 2588 222 2620 in
230 2586 318 2631 logisclrer
326 2584 456 2629 sachgemisser
473 2583 495 2617 ad
506 2585 620 2619 enervandum
629 2584 661 2618 hoc
670 2588 786 2629 argumentum
796 2584 842 2617 dicta

82 2643 219 2690 Entwiclrelung.
239 2644 287 2678 Dazu
296 2642 367 2685 Acuunt,
378 2642 417 2675 dass
426 2641 454 2674 die
473 2648 511 2676 sunt
527 2653 537 2675 a
554 2642 584 2675 Dr.
597 2641 636 2675 Ono
653 2641 664 2674 l.
679 2652 693 2676 c.
707 2653 724 2686 p.
738 2640 759 2675 21
773 2652 809 2687 sqq.
824 2646 842 2675 ct

82 2700 269 2747 Liehtingsaustrncte
288 2700 357 2736 lustin's
378 2701 395 2733 in
416 2699 454 2732 dem
472 2699 561 2733 Hoffmann
573 2698 585 2732 l.
598 2711 613 2733 c.
626 2710 643 2744 p.
657 2700 667 2732 5
680 2711 705 2744 sq.

82 2758 141 2794 Briele
153 2761 236 2796 durchaus
249 2760 307 2796 feblen
326 2760 362 2794 und
375 2759 454 2805 dagegen
