1765 2987
291 199 362 235 INDEX
374 199 450 235 RERUhl
463 200 491 235 ET
503 198 659 235 Puusouhuuu.
812 197 855 240 467

120 307 188 351 guinem
207 305 269 342 Christi
287 307 315 342 62.
345 306 379 341 Cir.
397 308 466 344 Christi
483 307 649 342 Revelationes
662 306 726 339 nimiae
739 305 809 351 corpori
821 314 855 339 no-

120 366 183 410 passio
197 371 212 399 et
224 378 273 401 tacco
286 367 393 412 expiatoria.
508 372 548 400 cent
561 366 600 399 340.

97 423 194 466 Regnum
221 422 253 456 Dei
281 423 348 467 quaudo
377 428 465 457 uenturum
483 423 567 466 Rheus³
587 422 602 456 S.
616 423 676 467 Ignatii
694 427 751 457 comes
764 423 780 456 in
793 423 854 456 itinere

122 479 160 512 118.
507 481 583 515 Romano
596 481 636 514 220.
650 481 689 514 230.

97 536 218 582 Reliquiae
239 536 339 572 Sanctorum
361 537 466 572 honorantur
483 538 596 581 Romanae
610 538 694 572 eeclesiae
708 537 783 583 elogium
797 537 836 571 too.

120 607 129 628 a
142 594 226 637 fidelibus,
239 601 258 629 ut
269 595 357 630 thesaurus
366 596 464 630 inaestima-
483 596 552 630 Rufus
565 607 575 630 a
588 597 604 630 S.
615 596 710 641 Polycarpo
722 595 800 629 laudatur
813 595 853 629 266.

119 652 158 685 bilis
171 653 210 687 254.
225 653 264 688 290,

96 710 208 744 Remissio
232 717 348 755 peccatorum.
385 711 464 746 Omnibus
657 705 679 737 s·

120 769 248 811 poenitentibus
268 770 338 802 remittit
357 769 403 803 Deus
424 771 464 803 216.
484 769 577 803 Sabbati
594 771 657 802 mentio
675 771 692 802 in
706 768 789 813 principio
803 777 854 800 orea-

120 824 191 869 Propter
210 832 285 859 nostram
305 826 376 860 salutem
402 828 465 861 ellusus
507 826 591 860 tionis38.
605 824 854 870 SabbatiahrogatiolO.180.

121 881 182 916 Christi
194 884 262 928 sanguis
279 885 311 916 toti
328 884 389 916 mundo
402 884 465 926 poeni·
507 883 577 928 Impium
592 889 626 925 est,
641 884 662 916 de
677 883 714 917 Deo
729 883 801 924 mentiri,
815 891 854 914 eum

119 942 183 975 tentiae
196 943 266 986 gratiam
279 941 377 976 obtulit62.
400 941 465 975 Remit-
508 941 536 974 die
554 941 621 975 sabbati
639 947 710 985 vetare,
731 941 771 975 honi
791 938 855 984 aliquid

120 1003 177 1031 tantur
193 999 321 1043 poenitentibus
338 1005 410 1043 peccata
426 1000 465 1034 327.
507 1010 591 1043 peragere
604 999 643 1032 302.

120 1055 153 1097 Qui
166 1056 213 1090 duhii
226 1067 260 1091 non
273 1064 317 1099 sunt,
331 1058 465 1092 emundabuntur
484 1056 595 1090 Sacerdos
614 1069 699 1102 summus,
718 1056 817 1091 sacerdotes
836 1059 854 1088 et

120 1113 141 1146 ab
150 1115 227 1148 omnihus
235 1118 312 1159 peccatis
321 1115 359 1148 331.
381 1115 406 1148 De
415 1117 464 1159 prio·
506 1115 569 1148 levitae
584 1115 621 1149 tos.
635 1117 674 1150 218.

119 1172 165 1204 ribus
174 1174 249 1216 peccatis
259 1174 311 1216 Deus,
324 1175 353 1218 qui
361 1179 464 1217 potestatem
483 1172 657 1206 Sacrificiorum
682 1173 770 1217 tempora,
796 1171 853 1211 horas,

120 1229 171 1262 hahet
188 1233 278 1264 sanitatem
295 1232 355 1273 tanat,
375 1232 422 1264 dabit
434 1243 464 1264 re·
506 1231 569 1273 locum,
579 1232 664 1264 ministros
673 1231 719 1264 Deus
729 1230 804 1264 definivit
814 1228 852 1261 108.

119 1287 192 1320 medium
212 1288 251 1322 350.
283 1287 316 1321 Cfr.
335 1291 429 1323 Peccatum
448 1296 465 1322 et
506 1287 609 1322 ludaeorum
630 1289 760 1322 sacrificantium
783 1286 853 1320 stultitia

119 1336 235 1380 Paenitentia.
507 1346 517 1379 3
530 1358 555 1391 sq.
569 1347 608 1380 300.

94 1403 250 1436 Resurrectio.
276 1403 310 1437 llos
322 1414 438 1448 resurgemus,
451 1407 465 1438 si
484 1402 607 1437 Salusnulla
620 1403 782 1437 stnechrtsrolttt.
804 1402 853 1435 Salus

119 1459 190 1494 iacimus
208 1461 312 1495 voluntatem
330 1461 363 1495 Dei
382 1461 421 1496 258.
446 1462 464 1496 ln
506 1460 552 1494 nulla
572 1463 609 1494 sine
628 1460 719 1495 virtutihus
739 1461 779 1494 126.
804 1459 853 1493 Salus

119 1529 169 1551 carue
185 1519 300 1561 judicabimur
316 1520 355 1553 142.
380 1520 398 1553 ln
414 1532 464 1554 carne
506 1519 553 1552 uuila
569 1521 606 1553 sine
622 1521 655 1553 hde
674 1524 692 1553 et
711 1519 802 1563 operibus,
823 1518 853 1551 elr.

119 1577 215 1610 mercedem
225 1578 373 1621 recipiemaslll.
393 1576 465 1621 Oportet
506 1579 560 1611 Fides
574 1582 591 1609 et
603 1579 666 1623 Opera.
776 1578 779 1580 “

119 1631 463 1680 iydnpacelebrare‚utresurgamus226.
483 1632 574 1667 Sanctis
583 1635 709 1668 adhaerendum
723 1640 749 1668 est
763 1634 802 1667 116.
828 1632 853 1666 llli

118 1691 228 1724 Resurrectio
239 1694 256 1725 in
266 1694 317 1726 vitam
327 1699 413 1726 aeternam
424 1695 463 1728 286.
506 1692 583 1734 exempta
596 1693 645 1725 nobis
658 1694 691 1725 sint
703 1694 731 1725 66.
752 1691 809 1724 Sancti
821 1701 852 1734 pro

118 1748 267 1783 Resurrectionem
292 1756 366 1784 nostram
389 1751 463 1786 Christus
504 1748 552 1781 1¹⁰bt'5
571 1755 619 1782 orant
637 1749 676 1783 254.
706 1749 746 1782 Illos
766 1750 853 1782 imitemur

119 1807 193 1839 ostendit
207 1806 223 1840 8.
248 1807 299 1840 Pater
312 1818 342 1841 nos
357 1776 473 1843 resuscitabit¹
506 1806 534 1838 76·
543 1806 606 1839 Eorum
614 1807 699 1839 invocatio
706 1807 743 1840 128.
752 1806 853 1839 Sanctorum

119 1864 135 1895 in
148 1864 189 1896 lesu
202 1864 267 1897 Christo
282 1866 320 1898 192.
346 1865 377 1905 Qui
391 1868 408 1898 in
421 1867 463 1899 cha·
505 1864 580 1896 natalitia
593 1864 701 1897 celebrantur
709 1864 749 1896 290.
763 1864 852 1908 Reliquiae

118 1922 167 1954 ritate
184 1929 222 1955 sunt
237 1926 357 1967 consummati,
374 1931 463 1969 resurgent
505 1921 604 1954 5611010111111
617 1922 657 1955 254-
671 1921 711 1954 290.
724 1932 740 1955 V·
754 1924 852 1957 [revocatio-

118 1979 158 2012 122.
179 1979 233 2013 Nemo
245 1980 296 2023 dicat,
310 1983 355 2026 quod
368 1982 411 2015 haec
424 1993 462 2016 caro
482 1978 575 2013 Satanas
588 1986 660 2013 vocatur
670 1978 768 2012 Contrarias
780 1979 801 2020 33
815 1980 852 2012 Ne-

118 2046 151 2068 non
161 2036 255 2079 judicatur,
269 2049 324 2083 neque
337 2040 410 2083 resurgit
424 2040 462 2071 tat.
505 2047 555 2080 quam
568 2038 589 2078 73
606 2039 686 2080 princeps
703 2038 785 2080 temporis
799 2038 852 2080 iniqui

118 2093 193 2127 Phoenix
199 2096 401 2129 resurrectionisnostrae
407 2097 463 2140 imago
504 2095 532 2127 41.
546 2094 607 2139 Angeli
616 2094 688 2128 Satanae
696 2096 737 2129 itia.
756 2091 791 2127 Cir.
800 2093 851 2129 Dae-

118 2151 146 2184 86.
171 2151 250 2185 Futuram
263 2155 405 2187 resurrectionem
417 2154 463 2187 Deus
505 2165 571 2187 annitar.

118 2210 197 2243 continue
206 2210 254 2243 nobis
263 2212 278 2243 in
288 2216 346 2244 natura
354 2210 462 2244 ostendit88.
481 2209 623 2244 Satislaotio
642 2222 674 2255 per
695 2211 784 2246 Christum.
818 2209 852 2243 Clr.

117 2265 232 2311 Resurgemus
253 2269 315 2312 igitur,
340 2269 386 2314 quod
408 2275 425 2303 et
446 2269 462 2303 S.
506 2267 599 2304 Christuess

119 2322 203 2372 Scriptura
212 2331 283 2358 testatur
292 2326 320 2359 90.
340 2326 413 2360 Christus
423 2328 463 2371 pol·
482 2325 619 2361 Schisntatis
637 2329 715 2371 iniquitas
732 2334 749 2360 et
766 2328 851 2370 pernicies

116 2380 171 2413 licitus
186 2387 211 2414 est
224 2382 283 2425 nobis,
297 2384 343 2428 quod
355 2386 464 2418 resuscitabit
506 2385 533 2418 56.
548 2385 587 2418 118.
612 2385 645 2418 Cur
657 2387 700 2417 inter
712 2395 743 2417 vos
756 2390 795 2417 sunt
806 2395 850 2417 oon-

117 2449 148 2473 nos
162 2450 171 2473 e
185 2442 253 2474 mortuis
266 2441 305 2475 262.
330 2441 362 2483 Qui
371 2442 417 2486 dicit,
430 2454 463 2476 rre-
506 2444 597 2483 tentiones,
609 2443 650 2483 irae⁷
663 2442 783 2484 dissensiones,
793 2442 850 2475 schis-

118 2501 463 2545 queresurrectIonemnequejudiciutn
506 2506 550 2533 mata
572 2505 588 2532 et
608 2498 686 2532 bellum?
717 2500 778 2533 llonne
799 2511 850 2533 unum

119 2566 163 2596 esse,
176 2557 204 2589 hic
217 2559 340 2601 primogenitus
354 2564 380 2590 est
391 2557 464 2591 Satanae
505 2557 560 2590 Deum
574 2562 590 2589 et
599 2567 649 2588 unum
660 2555 743 2590 Christum
754 2558 850 2591 hahemus?

118 2613 158 2645 261.
183 2613 290 2647 Eucharistia
308 2620 334 2647 est
350 2616 463 2659 pharmacum,
505 2614 565 2647 Nonne
584 2625 626 2647 unus
645 2620 671 2647 est
689 2614 759 2658 Spiritus
779 2619 849 2661 gratiae,

118 2681 140 2704 ne
153 2673 245 2705 moriamur
258 2672 296 2705 176.
505 2672 533 2716 qui
546 2683 598 2715 super
611 2682 642 2705 nos
655 2673 718 2706 ellusus
731 2680 766 2716 est,
784 2680 801 2707 et
817 2687 850 2708 una

94 2728 244 2768 Resurrectio
254 2728 337 2769 Christi
345 2743 361 2766 v.
373 2732 462 2769 cti-tum.
504 2731 573 2763 vocatio
582 2732 599 2763 in
608 2730 688 2764 Christo?
707 2730 741 2766 Cur
754 2732 850 2769 divellimus
