1765 2987
208 232 213 240 .
247 175 317 211 INDEX
329 174 407 212 RERUM
418 176 447 212 ΕΤ
458 175 616 213 persedrada.

76 288 116 317 snnt
128 281 200 317 ordinati
215 283 253 317 110.
278 282 352 317 Diaconi
365 282 422 316 hono-

74 341 122 375 randi
134 348 173 375 sunt
187 341 225 376 186.
250 341 322 376 Diaconi
339 340 422 375 ecclesiae

76 400 109 433 Dei
121 399 191 433 ministri
199 406 237 434 snnt
245 402 297 441 itid.;
310 404 382 432 caveant
391 400 422 433 sibi

76 469 85 492 a
98 457 197 492 criminibus
209 460 250 493 ibid.
271 457 357 492 Diaconos
369 468 422 491 reve-

75 525 144 550 reamur
168 521 186 549 ut
206 515 239 549 Dei
264 515 361 549 mandatum
382 515 422 550 228.

75 573 148 607 Diaconi
161 573 242 618 inculpati
255 584 293 608 esse
305 573 369 608 dehent
381 573 420 609 262.

77 632 110 665 cfr.
124 634 234 678 Episcopum
284 640 286 642 '

52 691 105 725 Dies
118 695 135 723 et
148 701 182 725 nox
194 693 290 725 ordinatum
303 702 313 724 a
326 690 363 724 Deo
380 701 421 724 cur-

76 761 113 784 sum
125 750 215 794 perficiunt
227 751 255 784 82.
276 749 317 784 Dies
326 761 368 783 unus
377 749 422 792 apud

76 807 166 842 Dominum
179 810 297 853 aequiparatur
311 807 358 841 mille
375 807 422 840 annis

75 865 103 901 38.
124 865 165 900 Dies
174 871 235 901 octava
243 876 274 899 seu
284 865 369 899 dominica
378 864 422 909 apud

76 924 181 959 Christianos
194 924 274 958 solemnis
286 924 315 958 40.
330 924 369 956 180.

52 984 88 1017 Dii
101 984 176 1028 gentium
190 985 229 1017 vani
244 982 278 1016 296
291 994 327 1028 sqq.

52 1042 134 1075 Dinone
147 1042 175 1074 62.

52 1099 228 1135 Discordia335.

52 1158 421 1194 Dissensionisacseditionisanctores

75 1217 123 1262 sequi
136 1215 252 1260 periculosum
265 1223 291 1251 est
303 1217 325 1251 72
334 1228 371 1263 sqq.
387 1215 421 1251 Ci.

75 1277 166 1311 Schisma.

52 1333 156 1367 Divitiae.
181 1332 233 1368 Dives
246 1335 324 1368 oratione
342 1334 422 1379 pauperis

75 1391 166 1434 adjuvatur
175 1392 214 1425 379.
234 1392 266 1434 Qui
279 1393 340 1425 divites
353 1397 392 1427 sunt
405 1393 421 1425 in

75 1451 108 1484 hoc
121 1451 187 1493 seculo,
200 1452 232 1484 nisi
241 1451 350 1484 circumcisae
359 1451 422 1484 fuerint

75 1510 145 1543 diritiae
155 1520 220 1551 eorum,
229 1520 262 1543 non
271 1514 342 1553 possunt
349 1509 421 1543 Domino

76 1569 125 1602 utiles
139 1579 177 1602 esse
189 1568 228 1602 336.
253 1568 329 1602 Divitiae
346 1568 421 1612 gentium

75 1627 184 1671 perniciosae
201 1632 239 1660 sunt
256 1627 310 1660 servis
327 1625 360 1658 Dei
376 1624 420 1667 3783

76 1685 107 1719 suh
128 1690 214 1729 potestate
235 1683 302 1718 Diaboli
322 1690 360 1718 sunt
381 1684 420 1717 378.

75 1742 142 1778 Divites
155 1743 204 1777 valde
218 1744 296 1788 exiguam
309 1742 371 1776 habent
380 1752 421 1775 ora-

75 1802 139 1835 tionem
159 1802 181 1835 ad
198 1800 288 1834 Dominum
306 1801 346 1837 379.
371 1800 421 1835 Divi-

75 1861 136 1894 tiarum
149 1859 225 1904 pericula
238 1859 278 1893 323.
291 1859 331 1893 407.

52 1917 181 1952 Divortium
195 1918 228 1952 349
242 1929 266 1963 sq.

53 1976 187 2011 Doectarum
208 1988 255 2010 error
272 1976 363 2021 castigatur
383 1975 421 2010 150,

78 2035 116 2070 166.
131 2035 164 2069 102
177 2047 202 2080 sq.
215 2035 249 2069 222
262 2046 287 2080 sq.
301 2060 302 2064 ,

53 2092 172 2127 Doctorum
181 2103 300 2138 perversorum
309 2093 371 2137 duplex
378 2103 421 2127 con-

76 2151 162 2185 demnatio
174 2146 214 2185 140.
390 2149 392 2151 ’

52 2209 162 2243 Doctrina
175 2209 266 2243 christiana
278 2209 341 2243 nullum
360 2209 421 2254 dogma

76 2268 167 2301 humanum
180 2268 253 2301 admittit
265 2266 305 2301 304.

53 2326 168 2360 Dominica
182 2326 219 2358 dies
231 2326 259 2358 40.
275 2325 313 2359 180.
403 2370 405 2373 ι

53 2383 229 2428 Doxologiarnm
246 2382 329 2417 formulae
348 2384 375 2417 50.
393 2383 421 2418 62.

78 2442 117 2476 106.
131 2442 170 2477 112.
185 2442 222 2476 116.
237 2441 275 2474 122.
289 2442 327 2475 132.
343 2442 380 2476 136.

53 2499 117 2534 Dubii
126 2501 182 2534 anhno
188 2501 307 2545 vituperantur
314 2500 341 2535 68.
348 2501 390 2535 861
407 2502 422 2535 6.

77 2558 116 2593 323.
130 2558 170 2593 327.
184 2558 223 2591 334.
236 2557 276 2591 406.
292 2559 333 2592 407.
347 2560 387 2592 408.

222 2666 251 2698 E·

54 2729 164 2767 Ecclesia.
188 2730 201 2764 l.
217 2730 287 2766 Extra
301 2729 422 2767 eecle‘sianr

768 179 811 221 455

464 283 524 318 nulla
537 283 598 318 salus
612 283 649 319 130.
664 283 703 318 335.
724 283 761 318 Nisi
774 284 812 329 quis

463 344 506 376 intra
519 343 572 377 altare
586 344 618 385 sit,
634 344 710 387 privatur
722 353 766 387 pane
779 342 812 376 Dei

465 400 503 434 156.
529 401 561 443 Qui
574 402 591 434 in
600 407 703 435 conventum
711 412 745 434 non
756 401 810 443 venit,

464 461 539 504 seipsum
548 459 633 503 judicavit
645 461 686 494 ibid.
711 459 744 501 Qui
763 465 811 493 extra

464 519 517 552 altare
534 523 570 560 est,
587 528 621 551 non
638 522 664 551 est
680 517 752 552 mundus
771 517 810 552 190,

463 577 551 611 Haeretici
563 582 602 610 sunt
614 575 680 610 herbae
694 577 762 619 noxiae,
776 586 810 609 non

464 641 504 670 sunt
515 636 597 680 plantatio
610 634 663 668 Patris
677 634 718 669 212.
743 635 760 669 Si
774 636 810 680 quis

464 694 536 727 schisma
553 693 645 726 facientem
658 698 742 736 sectatur,
759 693 810 737 regni

465 752 517 785 divini
526 752 650 786 haereditatem
658 761 693 783 non
702 752 811 795 consequitur

464 810 504 844 212.
518 809 551 852 Qui
560 808 633 843 ambulat
640 810 657 842 in
664 808 719 842 aliena
727 809 810 852 doct-rina,

464 871 479 904 is
502 879 536 903 non
561 868 653 901 assentitur
674 868 748 912 passioni
769 869 810 902 itit.

463 928 550 962 Haeretici
559 927 576 958 in
583 928 640 971 ignem
648 914 696 959 ibunt
704 926 741 960 166.
755 926 810 960 Nemo

463 997 534 1031 regnum
542 985 576 1023 Dei
588 986 651 1017 intrare
661 990 724 1029 potest,
738 986 769 1018 nisi
778 995 810 1029 per

463 1050 530 1090 portam
548 1041 610 1076 Christi
628 1041 668 1077 420.
696 1043 720 1086 ti,
740 1044 769 1087 qni
787 1042 809 1076 ab

403 1109 405 1112 ⁴
464 1103 538 1138 ecclesia
558 1101 632 1146 separati
652 1100 683 1135 sed
701 1101 809 1146 poenitentes

463 1153 809 1202 suntmortui‚beatitudineminieriorem

463 1224 590 1264 consequentur
602 1217 642 1253 337.

487 1278 507 1311 11.
532 1277 638 1311 Ecclesia
659 1275 808 1310 universalis.

464 1338 527 1372 Omnes
540 1336 604 1382 ubique
614 1341 697 1369 terrarum
709 1339 779 1369 sanctae
792 1339 810 1367 61

464 1395 558 1430 catholicae
571 1394 656 1428 ecciesiae
667 1394 757 1436 paroeciae
767 1391 808 1425 212.

464 1453 543 1488 Ecclesia
561 1451 645 1485 catholica
661 1451 701 1486 228.
716 1450 756 1483 280.
769 1449 810 1483 200.

464 1513 503 1547 202.
524 1510 619 1544 Ecclesiam
631 1509 745 1544 universalem
757 1519 810 1554 prae-

464 1571 509 1604 dicat
521 1569 593 1603 Hermas
606 1568 647 1602 425.

487 1627 515 1661 111.
533 1627 657 1661 Ecclesiae
669 1627 748 1659 unitas.
766 1624 810 1668 Epi-

463 1687 517 1731 scopi,
530 1697 562 1731 per
575 1690 638 1719 tractus
650 1690 706 1719 terrae
716 1683 810 1725 constituti,

463 1746 480 1778 in
494 1744 578 1777 sententia
592 1742 632 1776 Jesu
645 1740 707 1775 Christi
719 1747 756 1774 sunt
770 1740 809 1774 154.

463 1802 541 1836 Ecclesia
560 1803 592 1834 erit
607 1801 657 1834 turris
675 1800 698 1833 ita
715 1800 809 1844 purificata,

463 1867 482 1895 ut
503 1860 582 1894 credatur
602 1870 623 1892 ex
641 1868 675 1891 uno
695 1857 752 1902 lapide
771 1868 810 1891 esse

463 1925 509 1960 tota;
523 1924 540 1952 et
553 1917 627 1951 ecclesia
639 1917 672 1949 erit
683 1926 734 1949 unum
748 1925 810 1959 corpus

464 1984 497 2012 etc.
511 1975 550 2010 332.
564 1975 604 2009 426.
629 1973 747 2008 Ecclesia:
759 1973 810 2006 turris

464 2037 511 2071 velut
520 2046 541 2069 ex
549 2044 583 2067 uno
592 2032 649 2077 lapide
657 2032 703 2066 facta
711 2031 752 2065 42l.
773 2031 810 2065 Una

463 2089 811 2129 fidesctcharitasestomnium425.Uui·

463 2159 489 2187 tas
497 2150 625 2185 commendatur
632 2149 672 2182 110.
683 2148 718 2182 Cir.
725 2147 810 2183 Unitas.

487 2210 515 2244 IV.
541 2208 666 2242 Ecclesiae
688 2209 810 2241 sanctitas.

464 2268 544 2302 Ecclesia
561 2266 646 2300 catholica
663 2271 735 2299 vocatur
752 2270 810 2298 sancta

464 2328 505 2361 272,
530 2326 546 2360 ls
561 2331 625 2359 tanturn
641 2324 698 2358 iocum
711 2323 782 2356 habebit
793 2323 810 2355 in

466 2385 547 2428 ecclesia,
560 2385 595 2429 qni,
610 2383 648 2415 dum
661 2383 711 2415 turris
724 2381 810 2414 ecclesiae

466 2443 573 2484 aedificatur,
586 2440 709 2485 poenitentiam
722 2440 757 2484 agit
770 2439 809 2472 335.
827 2432 834 2442 '⁸

466 2501 498 2543 Qui
510 2500 560 2533 fidem
572 2503 635 2531 tantum
648 2495 733 2539 simulant,
749 2496 809 2529 exclu-

465 2560 527 2592 dentur
544 2557 566 2590 ab
583 2555 657 2589 ecclesia
673 2556 714 2590 itia.
740 2553 810 2596 Omnes,

465 2617 492 2661 qui
497 2616 575 2660 nequiter
580 2615 645 2656 vivunt,
652 2623 685 2646 non
691 2612 809 2646 suntmcrnbra

417 2665 418 2668 Ἴ
465 2673 550 2707 ecclesiae
562 2672 603 2705 426.

488 2730 507 2764 V.
528 2729 636 2763 Ecclesia
648 2724 718 2773 οὐράνιος
732 2728 773 2763 329,
