1765 2987
238 165 346 222 uersr'om
360 186 389 220 no
403 183 538 223 mocianum.
551 186 586 223 nn.
751 184 793 228 321

35 297 81 347 fuit;
92 309 162 338 verum
173 310 214 339 non
224 296 302 352 lignum
312 296 433 350 cognitionis
443 296 515 349 perdit,
529 297 564 338 sed
576 295 711 338 inobedientia
722 293 794 349 perdit.

34 367 105 419 Neque
121 367 172 408 enim
188 372 235 409 sunt
251 368 348 417 obseura,
370 378 421 420 quae
442 367 517 420 scripta
537 372 593 419 sunt,
614 366 678 408 Deum
697 367 721 407 ab
737 366 793 407 initio

34 438 110 491 lignum
123 437 175 477 vitae
187 438 206 477 in
218 437 284 477 medio
295 435 382 490 paradisi
393 435 500 489 plantasse,
519 435 569 489 ¹per
584 437 720 490 cognitionem
734 437 792 477 vitam

34 510 184 559 monstrantem,
202 506 257 559 ²qua
274 519 333 559 quum
349 507 430 547 sincere
445 507 476 548 usi
489 519 529 548 non
544 511 611 548 essent
625 507 682 560 primi
694 506 792 558 homines,

34 576 104 618 fraude
114 577 214 630 serpentis
227 575 296 626 nudati
307 576 393 617 fuerunt.
419 576 490 629 Neque
502 577 553 617 enim
564 578 604 618 vita
615 576 659 617 sine
670 567 793 631 cognitione,

34 658 100 699 neque
117 647 206 700 cognitio
223 646 266 687 sine
282 659 332 688 vera
347 648 387 689 vita
403 651 434 688 est
449 652 489 688 tuta
506 651 526 687 et
541 648 603 688 firma.
633 646 681 688 ldeo
700 648 720 688 in
741 659 792 701 pro-

33 718 108 771 pinquo
124 715 230 770 utrumque
243 716 352 770 plantatum
363 718 405 759 suit.
436 714 497 758 ³Vim
510 717 569 770 hujus
582 716 728 769 conjunctionis
743 728 793 769 per-

34 787 133 840 spiciens,
154 787 291 841 cognitionem
313 792 389 840 autem,
410 800 462 841 qnae
483 787 526 828 sine
547 788 633 828 veritate
649 786 753 828 doctrinae
769 786 794 827 ad

34 858 93 898 vitam
105 853 231 908 transfertur,
247 858 400 911 reprebendens
412 858 458 898 dicit
469 857 589 910 Apostolus:
606 854 714 910 tcopatrro
725 856 792 908 inflat,

34 927 120 975 ditectio
137 933 206 968 autem
222 928 327 981 aedificat.
359 929 396 977 Qui
409 928 465 969 ‘enim
481 928 525 968 sine
542 927 658 982 cognitione
679 939 739 980 vera,
761 928 793 968 cni

33 998 167 1040 testimonium
190 998 307 1052 perhibetur
329 1012 340 1039 a
364 1000 415 1051 vita,
442 998 515 1051 aliquid
538 1011 561 1039 se
585 998 638 1039 scire
660 1001 727 1052 putat,
751 1010 792 1039 non

34 1069 145 1122 cognoscit,
162 1066 189 1109 ⁵a
205 1073 300 1122 serpente
316 1068 420 1123 decipitur,
437 1070 471 1121 qui
486 1069 546 1109 vitam
560 1081 600 1110 non
616 1067 689 1109 ditexit.
716 1066 792 1121 Atqui

33 1151 76 1179 cunr
93 1139 164 1179 timore
181 1139 316 1194 cognitionem
332 1145 363 1180 est
379 1139 475 1193 adeptus,
496 1143 516 1179 et
532 1140 590 1180 vitam
607 1139 696 1192 quaerit,
718 1138 739 1178 in
754 1150 791 1191 spe

33 1208 117 1262 plantat,
134 1208 219 1250 fructum
235 1214 361 1263 exspectans.
393 1207 452 1250 ⁶Cor
467 1215 523 1250 tumn
538 1210 573 1250 tibi
589 1209 615 1249 sit
631 1208 729 1262 sapientia
746 1213 791 1259 tua;

33 1280 72 1319 vita
88 1283 152 1320 antem
170 1281 195 1320 sit
210 1280 294 1321 verbum
310 1292 392 1332 verum,
413 1280 465 1320 intus
480 1283 589 1331 receptum.
619 1278 682 1333 Hujus
698 1278 791 1320 arborem

33 1348 113 1401 ferens,
135 1352 155 1389 et
176 1349 261 1390 fructum
284 1346 427 1403 ⁷adipiscens,
448 1360 530 1402 semper
550 1353 626 1401 metes,
648 1362 700 1402 quae
721 1349 790 1390 aDeo

34 1418 186 1471 desiderantur,-
210 1432 366 1474 quaeserpens
388 1433 428 1461 non
449 1419 538 1473 attingit,
561 1422 581 1460 et
601 1418 672 1471 quibus
694 1419 748 1460 fraus
768 1431 791 1460 se

33 1501 73 1529 non
90 1489 187 1543 applicat3
203 1487 286 1543 8neque
296 1490 338 1532 Eva
354 1494 401 1532 tunc
415 1490 556 1543 corrumpitur,
572 1489 609 1530 sed
620 1491 678 1545 virgo
689 1490 790 1541 creditur-5

34 1563 53 1600 et
68 1560 121 1600 salus
138 1565 231 1613 apparet,
254 1566 273 1602 et
289 1561 380 1615 Apostoli
396 1561 492 1614 sapientia
514 1560 655 1614 replebuntur,
677 1564 696 1600 et
711 1560 792 1602 Domini

33 1629 203 1682 pascha'advenit,
215 1634 235 1671 et
246 1627 319 1673 ⁹cbori
330 1635 486 1686 congregantur,
498 1634 518 1671 et
528 1630 626 1671 decenter
642 1627 658 1653 ¹⁰
666 1630 790 1684 ordinantur,

33 1703 53 1739 et
63 1699 150 1741 Verbum
166 1705 246 1742 sanctos
263 1702 337 1743 docens
353 1703 443 1753 laetatur,
459 1713 496 1755 per
513 1700 566 1753 quod
581 1700 641 1741 Pater
656 1700 790 1755 glorificatum

33 1769 65 1810 cui
80 1771 105 1812 sit
120 1770 184 1825 gloria
200 1772 220 1812 in
236 1772 310 1813 secula.
341 1771 411 1813 Amen.

31 1909 92 1932 rarum
101 1899 203 1933 divinarum
213 1902 401 1944 cortuumparfucum
419 1899 468 1933 tionis
482 1904 499 1932 et
511 1899 557 1932 vitae
570 1899 587 1932 in
598 1904 615 1932 te
625 1899 736 1944 plantaveris,
749 1899 790 1934 abs-

32 1957 98 1998 tabeat,
107 1955 136 1990 vet
145 1958 170 1991 ait
178 1958 239 1991 tertiario
245 1959 314 2002 pectori
319 1959 400 1992 irminam.
420 1968 453 2001 que
467 1956 533 1990 delictis
545 1958 655 2001 peccatisque
668 1958 751 1992 manebis.

32 2013 51 2057 7)
86 2014 117 2048 Ms.
132 2013 215 2058 Stephani
227 2013 328 2059 habetque,
343 2014 401 2049 Codex
443 2014 461 2058 9)
474 2015 498 2048 Ita
512 2014 558 2057 syth.
576 2020 593 2049 et
610 2014 674 2050 dtaran.
697 2015 729 2049 trs.
746 2015 790 2059 appot

32 2070 181 2116 argentoratensis
194 2074 250 2117 ευρῶν,
266 2074 290 2106 ita
303 2078 370 2116 tamen,
383 2078 402 2106 uo
420 2088 444 2103 =
453 2075 505 2115 cerei,
514 2073 560 2117 quod
567 2072 607 2106 Otto
617 2072 699 2116 defendit,
709 2084 789 2108 monens:

32 2129 97 2173 syllaba
110 2143 127 2162 ευ
139 2142 149 2164 a
162 2131 237 2165 secunda
249 2141 299 2164 manu
314 2131 335 2164 sit
348 2142 400 2174 prae·
419 2129 524 2164 Christianos
537 2132 645 2174 potissimum
661 2137 740 2176 tempore
756 2142 790 2176 pa-

31 2188 86 2222 missa¹
106 2188 145 2222 Otto
157 2193 174 2221 et
182 2188 231 2222 Notae
241 2188 335 2238 conjiciunt
343 2187 400 2233 nigrim
418 2188 472 2222 scbaii
485 2189 539 2222 cereis
553 2199 594 2223 usos
607 2200 651 2223 csse.

31 2243 101 2280 Bbhlius
113 2247 192 2290 φανερῶν,
209 2245 303 2291 Sptburgus
315 2245 400 2291 ἐκπληρῶν.
414 2290 415 2293 ¹
431 2247 461 2289 10)
474 2247 499 2281 Ita
515 2247 615 2293 Sylburgius
635 2253 652 2282 et
669 2246 733 2282 biaran.
758 2247 789 2284 urs.

55 2303 74 2347 8)
88 2304 153 2347 Quodsi
171 2304 250 2339 arborem
267 2315 320 2338 verae
339 2306 400 2351 cogni·
419 2302 510 2349 dpprdtewz.

65 2826 109 2853 Patres
118 2831 160 2860 apost.
171 2828 193 2854 ed⁴
203 2829 226 2854 1v.
