1789 2987
81 180 128 222 454

104 283 148 318 libus
160 295 203 318 vero
216 291 242 319 est
254 285 328 320 salus'et
336 287 371 320 vita
380 291 450 320 aeterna

104 343 145 377 166.
177 342 210 385 Qui
236 355 270 378 nou
291 345 380 379 confessus
401 344 450 378 fuerit

104 402 201 444 martyrium
208 405 269 444 crucis,
276 414 296 436 er
303 403 371 437 diabolo
378 409 404 437 est
409 403 449 436 264.

81 458 153 494 Cultu
171 460 241 504 publico
262 461 386 496 labefactantur
407 463 450 495 vires

104 518 177 553 Satanae
190 520 231 553 164.
246 520 304 555 Cultus
312 520 392 564 publicus
401 531 450 554 com-

104 577 194 610 mendatur
202 577 230 612 98.
241 579 279 613 156.
290 579 329 614 tta.
338 578 378 613 239.
395 578 450 613 Nemo

103 647 122 670 se
140 643 209 682 separet
225 639 241 670 7.
267 637 300 678 Qui
318 640 451 673 inconventum

104 706 138 728 non
151 696 203 738 venit,
217 696 296 740 superbia
309 697 362 730 elatus
373 704 399 731 est
410 698 450 730 156.

81 752 198 799 Cupiditas
216 755 260 788 mala
280 755 367 790 horrenda
388 761 414 790 est
435 762 452 789 et

105 811 173 847 difficile
194 814 280 860 mitigatur
301 814 346 857 3723
367 815 453 849 consumit

104 871 231 909 hominesibid.
249 873 335 918 Cupiditas
349 874 409 917 carnis,
423 873 451 906 di-

104 931 189 974 vitiarum,
203 931 308 975 deliciarum,
323 931 398 965 ciborum
410 934 451 967 ibid.

103 987 206 1032 Principium
228 990 302 1023 omnium
324 990 406 1023 malorum
426 995 452 1022 est

103 1046 178 1080 habendi
194 1048 278 1090 cupiditas
294 1048 334 1082 260.
364 1046 451 1092 Cupiditas

104 1117 114 1140 a
127 1105 196 1139 diabolo
209 1111 235 1140 est
247 1106 287 1140 312.
313 1105 345 1148 Qui
363 1105 452 1150 cupiditati

103 1166 173 1206 resistit,
189 1170 263 1199 armatus
276 1165 337 1198 timore
349 1165 389 1208 Dei,
404 1163 450 1197 ohti-

103 1224 152 1257 nebit
176 1224 263 1257 victoriam
290 1223 330 1257 313.
364 1221 451 1267 Cupiditas

104 1283 148 1316 bona
165 1281 205 1316 373.
231 1280 336 1327 Cupiditates
353 1280 403 1324 hujus
420 1292 450 1314 se-

105 1340 138 1374 culi
151 1340 191 1375 408.

249 1449 282 1481 l).

81 1517 176 1552 Daemon
194 1517 293 1551 timentibus
309 1514 399 1548 Dominum
416 1525 450 1547 non

105 1582 131 1609 est
143 1576 243 1609 metuendus
261 1574 300 1608 359.
319 1573 358 1608 tat.
385 1573 450 1606 Vitiaa

104 1634 180 1667 Patribus
193 1644 246 1677 saepe
259 1638 343 1667 vocantur
359 1633 450 1666 daenront’u

103 1697 121 1725 et
135 1694 219 1728 madianea
237 1692 277 1726 347.
294 1691 334 1725 420.
351 1690 391 1725 417.
408 1690 449 1723 423.

102 1749 143 1784 428.
156 1749 196 1793 432,
209 1751 253 1784 sicut
265 1751 336 1784 virtutes
348 1748 449 1782 christianae

103 1811 182 1855 spirituo
202 1813 220 1842 et
239 1811 320 1855 cirpineu
343 1807 450 1853 appellantur

103 1866 137 1900 410
151 1877 177 1911 sq.
190 1866 230 1901 420.
245 1866 285 1900 423.

79 1925 129 1960 Dam
136 1937 167 1969 as,
178 1923 448 1971 episcopuslilagnesiorum172.

78 1984 199 2019 Danaides
212 1983 302 2017 etDircae
315 1983 343 2017 62.

77 2042 183 2089 Daphnus
196 2042 278 2078 salutatur
290 2053 299 2076 a
308 2041 324 2076 S.
333 2041 399 2087 ignatio
408 2041 447 2077 232.

78 2102 174 2136 Davidis
186 2101 272 2136 humilitas
285 2101 313 2135 78.

78 2159 241 2194 Defunctorum
254 2159 342 2193 beatitudo
355 2157 393 2192 114.
408 2157 447 2191 424,

77 2218 185 2252 Deliciae
201 2217 264 2252 multae
280 2222 319 2251 sunt
335 2217 394 2251 fatuae
406 2215 446 2250 372.

100 2277 141 2311 tot.

278 178 349 213 INDEX
362 178 439 214 auton
450 178 479 213 ΕΤ
488 179 646 217 PERSONARUM.

493 287 521 322 illa
544 294 622 323 evertere
644 287 671 322 90.
708 286 742 323 Cir.
763 290 838 324 Ursatio.

493 346 540 380 Deus
549 348 635 380 hominum
644 357 694 381 causa
704 346 763 380 orbem
774 348 840 381 creavit

493 405 533 439 314.
542 406 581 439 374.
600 404 647 439 Deus
660 409 735 439 sanctam
748 405 839 439 ecclesiam

493 464 569 498 condidit
582 464 621 497 325.
646 463 685 507 Ipse
702 475 755 508 capax
769 464 839 497 univer-

493 532 561 565 sorum,
579 521 625 555 solus
642 523 743 564 immensus,
762 522 791 565 qui
808 532 840 556 nec

492 580 547 615 verbo
557 580 637 625 definiri,
655 591 688 615 nec
701 586 759 615 mente
772 581 840 625 concipi
857 595 859 598 ·

493 645 550 684 potest
563 639 602 673 346.
627 640 665 674 Deo
681 639 721 674 nihil
733 639 840 684 impossibile

493 703 613 742 praeterquam
620 700 687 732 mentiri
694 697 722 731 90.
731 698 779 731 Deus
785 697 840 731 fidelis

494 758 549 790 estin
562 758 702 801 promissionibus
720 763 737 790 et
751 756 807 799 justus
823 758 840 790 in

492 815 561 859 judiciis
580 818 621 851 ibid.
645 816 702 850 Veran
719 817 777 850 estin
795 817 841 849 omni

493 875 548 910 verbo
561 874 600 909 348.
625 873 658 908 Dei
672 874 740 918 judiciis
757 885 808 909 nemo
821 886 840 909 se

494 932 589 968 subducere
601 937 658 977 potest
675 933 703 967 92.
727 932 771 967 Nihil
785 933 840 967 Deum

493 992 535 1026 latet
547 992 575 1025 00.
589 991 617 1024 02.
631 991 670 1026 164.
684 991 724 1025 260.
741 991 781 1025 262.
806 991 840 1024 Dei

494 1051 545 1092 dona,
558 1060 608 1094 quam
620 1049 670 1083 beata
683 1055 701 1082 et
709 1049 791 1083 mirabilia
801 1049 840 1084 100.

494 1108 540 1142 Deus
561 1108 639 1141 dominus
659 1107 725 1152 gloriae
749 1112 766 1141 et
786 1108 841 1141 omnis

493 1167 559 1212 gratiae
571 1167 600 1201 50,
621 1166 668 1200 Deus
676 1177 708 1210 per
719 1166 770 1199 fidem
781 1177 841 1199 omnes

490 1225 573 1268 justificat
582 1225 614 1267 963
625 1224 671 1258 Deus
681 1225 709 1258 dat
717 1225 840 1269 poenitentiam

493 1284 521 1318 64.
543 1283 654 1328 Cupientibus
667 1282 711 1317 bene
726 1293 779 1329 agere
794 1282 840 1317 Deus

493 1343 515 1377 ad
535 1342 641 1388 largiendum
661 1347 731 1386 paratus
753 1346 779 1375 est
799 1340 839 1374 230.

491 1402 524 1435 Dei
536 1402 615 1435 mandata
628 1411 663 1434 non
675 1405 714 1434 sunt
728 1398 841 1443 impossibilia

493 1461 537 1503 3743
555 1465 574 1493 ut
587 1459 710 1500 observentur,
725 1457 781 1502 angeli
794 1459 840 1492 vires

492 1524 580 1564 praestant
589 1518 629 1552 391.
648 1516 755 1561 Quicumque
763 1517 780 1549 in
789 1526 839 1549 man-

493 1578 535 1611 datis
545 1577 577 1610 Dei
590 1575 710 1617 ambulaverit,
723 1574 764 1607 felix
777 1575 809 1608 erit
822 1580 839 1608 et

491 1636 538 1669 vivet
551 1634 588 1669 Deo
602 1634 642 1668 384.
657 1632 691 1667 390
703 1643 729 1677 sq.
747 1631 838 1666 Omnibus

492 1694 621 1738 poenitentibus
635 1693 706 1726 remittit-
718 1690 776 1733 uens,
792 1691 807 1724 si
819 1701 838 1724 se

492 1756 592 1786 convertant
608 1751 630 1784 ad
647 1751 728 1784 unionem
745 1759 783 1781 cum
799 1747 837 1782 Deo

492 1815 509 1844 et
523 1810 544 1844 ad
556 1803 693 1843 communionem
703 1818 741 1841 cum
750 1806 837 1851 Episcopo

491 1868 531 1903 216.
556 1867 613 1911 Deus,
628 1868 657 1913 qui
669 1872 771 1911 potestatem
784 1865 838 1899 hahet

491 1926 572 1969 sanandi,
588 1925 634 1959 dabit
646 1924 740 1959 remedium
753 1924 775 1957 de
788 1925 837 1969 prio-

490 1983 537 2017 ribus
549 1985 625 2029 peccatis
642 1983 681 2017 850.
706 1982 738 2016 Dei
754 1981 837 2028 longani-

491 2042 539 2076 mitas
547 2041 629 2084 timenda,
642 2052 663 2075 ue
672 2043 688 2075 in
695 2040 778 2084 judicium
788 2040 837 2075 nobis

491 2100 542 2133 cedat
555 2100 594 2134 162.
616 2100 650 2133 Aut
662 2100 735 2133 futuram
748 2100 837 2133 timeamus

490 2160 538 2202 iram,
551 2164 580 2192 am
592 2163 700 2203 praesentem
710 2158 782 2203 gratiam
795 2157 836 2190 dili-

489 2228 548 2263 gamus
567 2219 608 2252 t'bid.
633 2216 680 2250 Deus
698 2216 750 2250 multa
767 2216 836 2260 tolerat,

490 2287 534 2321 quae
546 2285 580 2309 non
593 2275 655 2320 probat
668 2275 708 2309 312.

76 2335 222 2370 Detrectatio
232 2339 259 2368 est
267 2333 365 2367 inconstans
374 2332 446 2366 daemo-
466 2333 574 2368 Diabolus
587 2344 618 2368 nos
631 2338 692 2376 tentat,
706 2334 737 2367 sed
751 2344 782 2367 nos
795 2334 835 2367 vin-

100 2395 145 2428 nium
158 2392 198 2427 347.
224 2390 258 2426 Cir.
274 2393 341 2438 linqua.

77 2452 133 2487 Deus
146 2462 188 2485 unus
202 2455 233 2492 est,
249 2451 277 2495 qui
290 2461 309 2484 se
322 2450 377 2494 ipsum
390 2450 446 2481 mani-

99 2511 169 2544 festavit
181 2520 213 2553 per
221 2508 236 2543 J.
247 2507 277 2543 Ch.
286 2508 337 2542 filium
346 2517 395 2542 suum
407 2505 446 2540 178.

99 2568 147 2602 Deus
159 2578 203 2601 unus
216 2573 252 2611 est,
270 2568 299 2612 qui
312 2567 369 2600 omnia
381 2565 447 2599 creavit

100 2632 118 2660 et
128 2624 208 2670 perfecit,
221 2630 238 2658 et
247 2635 268 2659 ex
276 2624 328 2658 nihilo
337 2623 378 2658 iecit
388 2624 445 2658 omnia

100 2684 139 2718 323.
156 2683 195 2717 346.
221 2683 278 2717 Verbo
292 2674 385 2725 majestatis
403 2692 445 2716 suae

490 2402 529 2426 sere
537 2402 571 2426 non
580 2396 637 2436 potest
645 2390 685 2425 352.
695 2390 735 2424 376.
753 2391 835 2426 Diabolus

488 2460 522 2482 non
536 2454 562 2482 est
574 2448 675 2482 metuendus
685 2449 724 2483 359.
734 2449 773 2483 375.
791 2448 834 2483 Dia-

489 2507 538 2541 bolus
557 2507 630 2541 schisma
647 2507 773 2542 Corinthiacum
791 2519 834 2553 sng-

488 2566 563 2610 gessisse
579 2566 654 2599 innuitur
668 2566 708 2600 122.
733 2566 756 2600 Ut
771 2567 834 2600 obser-

487 2634 546 2658 vemus
559 2623 637 2658 mandata
650 2623 688 2668 Dei,
701 2623 771 2669 augelus
783 2624 833 2659 nobis

487 2682 533 2715 vires
546 2688 621 2726 praestat
633 2682 673 2716 391.

74 2765 76 2767 -
99 2742 254 2785 constituitomnia,
264 2746 281 2775 et
288 2740 341 2776 verbo
350 2750 380 2775 suo
388 2745 444 2785 potest
463 2739 561 2774 Diacoui
579 2746 595 2774 et
611 2739 693 2786 Episcopi
711 2740 732 2774 ab
745 2739 832 2789 apostolis
