1789 2987
76 183 120 226 334
238 181 331 217 HEthlAE
344 180 435 216 Pastor.
460 181 549 217 LIBERI.
575 181 633 217 VlSlO
645 181 673 217 111.

76 289 114 344 ipsi
126 289 189 331 sancti
200 289 267 343 augeli
278 288 369 339 Domini3
386 287 422 331 sed
433 287 461 329 illi
471 295 518 332 sunt
528 289 558 330 his
572 288 747 331 ¹excellentiores.
771 290 836 338 Quum

77 373 127 415 ergo
144 364 279 402 consnnnnata
291 360 351 401 fuerit
361 363 460 401 structura
472 360 538 412 turris,
555 372 624 402 omnes
635 360 693 402 simul
704 361 836 414 epulabuntur

73 432 131 485 juxta
148 431 228 483 turrim,
246 435 266 470 et
280 430 441 471 honorificabunt
456 430 573 484 Dominum,
592 432 684 485 quoniam
701 436 836 473 consummata

77 503 116 542 erit
131 505 232 542 structura
248 501 328 542 turrisf‘
360 501 486 554 Interrogavi
503 513 556 554 earn,
577 501 657 543 dicens:
681 502 767 555 ,vellem
783 503 836 543 scire

77 572 152 613 exitum
168 570 261 626 lapidum,
278 576 298 612 et
313 571 353 611 vim
369 583 448 624 eorum,
465 572 528 625 qualis
545 572 590 613 sit.“
621 572 755 627 Respondens
771 577 836 614 autern

78 643 127 684 dixit
143 642 200 683 mihi:
218 641 326 695 ,numquid
343 645 364 682 tu
379 655 428 696 prae
444 644 535 684 omm'bus
552 644 624 685 melior
640 655 668 696 es,
684 648 706 685 ut
720 644 755 684 tibi
768 643 788 685 id
800 656 837 686 re-

76 713 174 753 veletur?
199 711 240 753 Atii
256 712 308 752 eninr
324 711 403 764 priores
420 717 440 753 te
452 718 498 754 sunt
509 718 529 755 et
540 714 634 755 meliores
645 718 671 767 to,
688 714 759 768 quibus
771 727 837 769 opor-

78 784 132 824 tebat
147 783 234 824 revelari
249 783 339 824 visiones
355 783 403 834 bas3
420 783 456 825 sed
470 789 492 826 ut
504 785 648 826 honorificetur
658 797 732 828 nornen
742 785 786 838 Dei,
803 784 837 826 tibi

78 853 191 895 revelatum
208 857 245 905 est,
262 858 282 894 et
297 853 421 895 revelabitur

79 917 132 964 2διοέ
142 917 182 970 ra‘g
192 915 296 978 dtmdpag,
307 917 346 971 τὲς
356 922 451 978 dtaiopt-
470 922 479 947 ²
489 928 571 978 propter
592 925 674 978 dubios,
696 925 730 980 qui
750 926 838 980 cogitant

77 989 169 1046 ζομένες
180 990 201 1034 ἐν
210 993 258 1040 ταῖς
266 988 366 1050 καρδίαις
374 987 450 1043 αὐτῶν,
469 994 488 1034 in
505 993 598 1036 cordibus
615 993 678 1048 suis,
688 1000 780 1037 utrumne
799 996 838 1037 sint

78 1060 97 1104 εἰ
112 1060 154 1119 ἄρα
170 1059 215 1104 ἐστὶ
229 1061 303 1114 ταῦτα,
318 1056 331 1119 ἢ
346 1059 372 1104 ἐκ
388 1059 450 1105 ἔστιν.
469 1064 531 1116 haec,
548 1076 572 1105 an
588 1062 631 1107 non
645 1066 690 1107 sint

78 1134 116 1174 Dio
131 1133 181 1186 illis,
202 1133 255 1187 quod
272 1134 322 1175 baec
338 1135 403 1176 omnia
419 1138 466 1175 sunt
481 1146 542 1186 vera,
564 1138 584 1176 ct
599 1134 646 1176 nibil
662 1139 719 1177 entra
735 1135 838 1178 veritatem

79 1209 111 1246 est
117 1218 123 1254 ς
139 1204 176 1245 sed
192 1205 258 1246 omnia
274 1205 336 1257 firma,
353 1209 449 1258 certeque
465 1204 546 1245 fundata
561 1204 627 1246 sunt.“

138 1274 161 1314 V.
194 1273 260 1327 ,Audi
276 1287 332 1316 nunc
353 1279 373 1315 et
393 1274 418 1315 de
439 1274 549 1329 lapidibus,
573 1275 606 1328 qui
628 1278 673 1316 sunt
693 1275 713 1316 in
733 1277 838 1316 structura.

79 1344 165 1398 Lapides
182 1344 261 1398 quidem
277 1346 304 1386 illi
318 1345 409 1398 quadrati
423 1349 443 1385 et
454 1346 498 1397 albi,
515 1346 660 1387 convenientes
670 1345 690 1386 in
702 1344 838 1387 commissuris

80 1415 134 1467 suis,
157 1416 171 1456 ii
185 1420 232 1456 sunt
247 1416 333 1469 apostoli
349 1415 385 1457 ³et
401 1415 491 1469 episcopi
507 1420 527 1457 et
542 1415 637 1457 doctores
654 1419 673 1456 et
689 1415 784 1467 ministri,
805 1414 839 1469 qui

80 1487 169 1541 ingressi
189 1489 235 1527 sunt
254 1486 275 1526 in
295 1486 465 1538 clementiarum,
487 1490 507 1526 et
526 1486 798 1541 episcopatumgesserunt,
820 1488 839 1525 et

81 1556 200 1608 docuerunt,
217 1560 237 1596 et
253 1557 415 1598 ministraverunt
430 1561 499 1597 sancte
515 1561 534 1596 et
549 1557 641 1598 modeste
657 1557 727 1598 electis
744 1557 788 1609 Dei,
805 1555 839 1610 qui

81 1627 211 1678 dormierunt,
223 1627 296 1681 quique
308 1627 372 1668 adbuc
382 1631 435 1680 sunt,
448 1632 468 1668 et
478 1639 559 1680 semper
570 1640 614 1669 curn
625 1624 681 1668 ⁴ittis
693 1629 839 1678 convenerunt,

81 1702 101 1737 et
116 1698 135 1737 in
152 1709 175 1737 se
190 1709 259 1751 pacem
275 1698 393 1751 babuerunt,
410 1702 463 1738 etse
474 1698 560 1738 invicem
572 1697 683 1738 audierunt.
704 1698 789 1750 Propter
801 1696 840 1737 boo

81 1772 101 1808 et
115 1767 135 1807 in
149 1772 268 1808 structuram
279 1769 339 1809 turris
350 1769 474 1810 conveniunt
485 1768 628 1809 commissurae
641 1779 716 1808 eorum.
741 1766 839 1815 olivero

81 1838 106 1878 de
121 1837 222 1890 profundo
239 1839 354 1891 trabuntur,
370 1844 391 1880 et
405 1840 535 1891 imponuntur
550 1838 570 1878 in
587 1836 733 1888 ⁵struoturam,
750 1841 771 1878 et
787 1849 840 1878 con-

81 1908 163 1949 veniunt
177 1908 321 1950 commissurae
334 1922 402 1950 eorum
414 1921 458 1949 curn
470 1908 555 1949 caeteris
566 1908 671 1962 lapidibus,
688 1908 720 1961 qui
729 1908 771 1961 jam
782 1905 840 1947 aedi-

80 1978 133 2019 ficati
149 1983 206 2029 sunt,
228 1979 245 2018 ii
257 1984 314 2032 sunt,
336 1980 369 2032 qui
382 1981 423 2034 J'am
439 1979 574 2031 dormierunt,
598 1984 618 2019 et
638 1979 693 2031 passi
713 1982 760 2018 suut
780 1987 840 2018 causa
879 2020 881 2023 ,

80 2049 167 2089 nominis
183 2049 281 2090 Domini.“
315 2049 407 2101 ,Caeteri
423 2054 488 2089 autem
504 2049 588 2102 lapides,
607 2049 640 2102 qui
655 2047 812 2101 adportabantur
829 2058 840 2086 a

81 2122 141 2170 terra,
157 2119 204 2160 volo
220 2120 275 2160 scire
291 2120 324 2173 qni
340 2120 385 2173 sint,
402 2119 501 2161 domina.“
528 2119 572 2160 Ait:
590 2130 640 2171 „eos
652 2118 739 2172 quidem,
756 2118 790 2171 qui
804 2114 840 2157 fiin

106 2233 124 2278 l]
137 2233 238 2267 Differentia
256 2235 340 2279 dignitatis
358 2237 402 2270 inter
418 2247 451 2269 an·
470 2237 521 2281 lttip,
534 2233 576 2267 Hist.
590 2233 631 2268 eccl.
645 2235 695 2278 primi
707 2232 760 2267 seculi
772 2244 789 2277 p>
802 2232 840 2265 176.

81 2292 131 2338 gelos
143 2304 153 2326 a
166 2293 214 2326 libris
227 2303 295 2337 quoqne
309 2295 361 2327 sacris
373 2295 452 2339 agnosci·
470 2293 523 2327 Forte
541 2294 621 2327 doctores
635 2307 659 2322 =
674 2291 752 2336 discipuli
764 2293 841 2335 Aposto-

81 2357 113 2385 tur.
133 2349 167 2385 Cir.
177 2351 248 2384 lTlress.
256 2352 273 2394 4,
283 2352 310 2385 16,
324 2351 388 2395 Ephes.
399 2352 415 2395 l,
424 2352 451 2386 21.
471 2351 531 2391 lorum,
545 2349 672 2393 praedicatores
682 2350 750 2383 divinae
759 2349 840 2383 veritatis¹

82 2411 99 2453 3,
114 2409 141 2442 10.
160 2409 224 2444 lPetr.
238 2410 255 2452 3,
268 2410 296 2444 22.
472 2408 505 2442 Cb.
523 2410 625 2454 Dbllinpar,
644 2407 725 2452 Hippolyt
738 2413 770 2441 etc.
789 2406 840 2441 1853.

104 2468 123 2510 2)
136 2467 183 2503 Haec
196 2474 262 2503 exstant
276 2469 321 2513 apud
334 2471 387 2505 Ulcera.
400 2470 452 2503 Alex.
470 2465 533 2511 ps341
548 2472 565 2500 et
578 2466 642 2500 Similit.
656 2465 685 2509 IX,
700 2478 714 2501 c.
727 2467 738 2500 4
752 2471 769 2499 et
783 2465 811 2501 t5.

82 2527 143 2562 Strom.
156 2527 168 2570 l,
182 2528 210 2561 29.
223 2539 240 2572 p⁴
252 2529 287 2562 426
300 2528 328 2563 ed.
342 2527 402 2561 Venet.
494 2526 513 2567 4)
526 2524 539 2559 Ι.
551 2536 566 2559 e.
580 2537 621 2561 com
633 2527 742 2568 eloctisllei,
755 2535 787 2559 seu
801 2535 841 2560 com

105 2586 123 2628 3]
137 2585 169 2619 Hic
182 2586 236 2620 habes
249 2586 336 2621 distinctos
345 2584 452 2620 hierarchiae
471 2586 533 2620 ortibus
546 2586 593 2619 cuis.

82 2644 156 2678 ordines¹
189 2648 276 2681 Doctores
296 2650 335 2679 sunt
352 2643 452 2689 presbyteri
494 2643 512 2681 5)
525 2641 550 2675 lta
564 2642 605 2676 Cod.
618 2641 668 2676 Bodl.
684 2642 726 2683 Atii:
741 2648 840 2678 structura.

83 2704 175 2746 docentes,
201 2700 302 2745 διδάσκαλος
327 2705 408 2738 ,punierat
427 2715 451 2731 =
495 2700 538 2746 (ill,
552 2712 567 2735 e.
581 2703 622 2746 qni,
636 2703 689 2745 quasi
700 2703 840 2748 furrdanreutum,

82 2759 159 2793 διάκονοι.
185 2759 219 2795 cn.
236 2763 303 2805 Ratira,
320 2760 359 2794 Anf.
375 2771 392 2805 p.
410 2759 450 2792 408.
469 2760 489 2794 in
501 2765 549 2795 tarra
562 2761 676 2794 collocantur.
