1765 2987
293 162 414 199 sannanim
427 163 538 199 uusrona¹
558 164 602 199 xvi.
799 165 828 207 43

68 271 93 312 Et
108 271 186 311 taudem
206 283 276 312 rursus
293 272 329 312 ait:
355 271 430 322 ¹ecce,
452 272 487 324 qni
503 273 654 314 <testinnonium
669 273 765 325 templum
780 273 827 323 boc,

68 341 110 394 ipsi
126 342 181 381 itinn
196 329 343 394 aedificabunt.
370 339 447 395 ²ldque
463 343 535 383 evenit.
561 342 610 383 uam
627 343 672 397 quia
687 343 760 384 bellum
776 354 828 397 ges-

68 415 144 463 serunt,
161 411 184 451 ab
196 411 286 451 hostibus
298 410 420 452 destructum
431 417 461 452 cst
472 413 565 465 templum
570 427 575 463 ;
591 425 645 453 uuuc
657 417 677 453 et
688 414 726 466 ipsi
740 413 827 454 hostiurn

67 481 151 522 ministri
166 480 295 521 reaedificant
310 482 363 522 illud.
393 482 477 533 lterum,
503 481 556 535 quod
574 481 669 522 tradenda
686 486 740 523 esset
757 483 826 522 civitas

67 564 106 592 una
123 563 167 591 cum
184 552 256 605 templo
273 555 292 591 et
308 563 351 592 cum
368 551 442 605 populo
456 552 577 604 israelitico,
594 556 624 592 est
638 553 764 593 declaratum.
793 551 827 592 Ait

67 621 140 675 quippe
157 621 264 674 scriptura:
280 619 316 661 ³et
330 622 370 662 erit
382 623 404 661 in
415 622 536 662 nnooissinnis
547 622 628 671 diebos,
643 623 713 661 tradet
723 622 826 661 Dominus

68 703 116 732 oves
129 691 206 741 pascui
221 696 241 731 ei
255 692 309 732 coite
326 697 346 731 et
358 692 434 731 inmun
449 704 520 731 eornm
533 691 555 729 in
568 691 660 731 exitium.
692 692 758 742 Atque
775 702 827 730 cou-

67 762 120 815 tigit,
143 761 309 813 quemadmodum
327 762 406 802 locutus
423 765 454 800 est
469 760 573 800 Dominus.
606 760 729 808 Quaeramus
752 761 826 812 itaque,

67 827 111 871 lau
128 834 194 870 exsiet
210 831 274 870 adhuc
290 830 384 883 templum
399 830 443 869 Dei.
473 829 557 881 Existit,
580 830 720 883 ubiipseuret
741 842 763 869 se
779 829 826 869 illud

66 900 134 941 facere
149 912 173 940 ac
188 901 286 953 perficere
302 904 391 941 testatur.
419 900 516 952 Scriptum
534 899 585 939 enim
602 905 643 940 est:
660 898 696 939 ⁵et
711 899 758 950 erit,
775 898 825 939 beb-

66 970 158 1012 domdcln
174 971 285 1022 coimpletn,
303 969 452 1023 aedificabitur
467 967 615 1022 “nominemini
632 970 728 1021 templum
738 969 786 1018 Dei,
804 970 826 1008 in

65 1041 147 1081 nominc
162 1041 255 1082 Domini.
286 1040 369 1080 luveuio
387 1041 460 1094 igitur,
485 1039 539 1092 quod
561 1040 655 1092 templum
677 1039 749 1079 existit.
782 1037 825 1085 Oua

64 1110 141 1151 ratione
154 1121 204 1164 ergo
218 1108 354 1151 aedificabitur
367 1111 386 1150 in
398 1111 479 1151 nomine
491 1110 576 1162 Domini,
593 1109 669 1150 discite.
696 1106 824 1161 ⁷Antequam

64 1180 107 1220 Deo
124 1179 263 1230 crederemus,
285 1185 327 1220 erat
343 1181 409 1221 cordis
425 1180 489 1221 nostri
507 1180 626 1220 domicilium
643 1179 767 1230 corruptioni
784 1178 824 1218 ob-

64 1249 146 1290 noxium
160 1252 179 1289 et
189 1244 294 1301 imbecille,
310 1248 427 1288 admodum
441 1248 508 1301 templi
522 1260 571 1288 vere
583 1260 618 1301 per
632 1259 702 1288 manus
716 1246 837 1297 aedificati;'

63 1318 143 1371 plenum
158 1318 256 1370 siquidem
272 1322 315 1358 crat
329 1318 430 1358 idolorum
446 1318 512 1368 cultu,
534 1314 574 1358 8et
591 1323 634 1358 erat
650 1318 720 1358 deuius
739 1316 824 1357 daemu-

63 1400 116 1438 uum,
129 1388 173 1441 quia
185 1386 275 1439 fecimus,
287 1398 425 1439 quaecumque
437 1387 593 1427 Deoeoutraria
604 1376 656 1427 suut.
681 1386 824 1426 Aedificabilur

63 1461 135 1507 nutem,
148 1457 250 1508 attendite,
264 1457 284 1497 iu
295 1457 376 1497 nomine
386 1445 472 1508 Donnini,
490 1462 510 1498 ut
525 1457 618 1510 templum
630 1456 709 1497 Domini
726 1452 823 1509 ⁹utugui-

62 1525 100 1565 fiee
116 1525 237 1566 aedificetur.
269 1526 392 1573 Quomodo?
418 1526 499 1566 Discite.
531 1527 619 1580 Accepta
635 1527 755 1566 remissione
770 1536 823 1577 pec-

62 1599 151 1653 catorum
165 1598 185 1633 et
198 1607 234 1648 spe
246 1594 311 1636 hahita
324 1596 343 1635 iu
358 1607 431 1635 nomen
444 1596 528 1647 Domini,
543 1595 590 1636 lacti
601 1607 669 1636 sumus
680 1595 734 1645 uovi,
751 1596 822 1634 iterum

62 1663 86 1703 ab
98 1664 177 1717 integro
190 1664 255 1704 creati.
278 1663 326 1706 Ideo
338 1664 357 1703 in
369 1667 434 1716 nobis,
447 1667 466 1706 in
479 1665 580 1707 domicilio
592 1671 669 1717 nostro,
683 1678 731 1706 vere
743 1665 796 1705 Deus
808 1661 823 1687 ¹⁰

61 1733 139 1773 habitat.
171 1733 215 1781 Quo
232 1734 309 1774 modo?
336 1735 424 1775 Verbum
440 1737 483 1788 ejus
499 1735 558 1785 fidei,
574 1737 654 1775 vocatio
671 1738 715 1788 eius
732 1736 822 1787 promis-

61 1803 136 1854 sionis,
153 1803 249 1856 sapientia
265 1798 413 1856 mandatorum,
429 1810 537 1859 praecepta
555 1804 667 1857 doctrinae,
684 1806 724 1845 imo
741 1805 821 1858 ipsein

60 1873 118 1912 uobis
139 1873 257 1925 prophetat,
277 1875 355 1927 ipsein
375 1876 432 1915 uobis
452 1875 557 1924 inhabitam
579 1877 638 1915 morli
659 1874 741 1915 addictis
763 1875 820 1915 nobis

60 1941 131 1993 aperiit
147 1941 202 1981 iores
218 1944 291 1996 templi,
308 1943 318 1982 i.
331 1957 347 1983 e.
369 1943 380 1967 '¹
390 1956 420 1995 os,
437 1943 490 1984 dedit
505 1944 563 1985 nobis
579 1945 733 1998 poeniteutiam,
750 1945 821 1996 sicque

60 2010 170 2051 introduxit
186 2024 223 2053 uos
239 2013 258 2052 in
277 2011 292 2037 Γ]
304 2014 408 2068 templum,
424 2014 477 2067 quod
495 2013 569 2055 destrui
585 2026 624 2055 nou
640 2018 712 2068 potest.
746 2015 820 2065 Quare,

62 2081 94 2131 qui
111 2082 164 2134 cupit
180 2093 226 2122 csse
242 2083 315 2140 saluuS,
331 2096 371 2123 uon
388 2086 408 2124 iu
426 2082 443 2107 ¹³
454 2084 554 2124 lioniiuem
571 2084 663 2137 respicit,
680 2084 715 2124 sed
732 2085 751 2124 iu
768 2097 820 2136 euin,

61 2149 94 2200 qui
110 2149 130 2189 iu
146 2150 226 2192 liomiuc
242 2151 326 2205 habitat,
343 2157 401 2206 atque
421 2151 463 2194 llin
480 2165 504 2193 eo
521 2153 620 2205 loquitur3
637 2153 749 2205 admirans,
766 2155 819 2207 uiiod

84 2308 102 2350 8)
121 2310 155 2341 Καὶ
175 2322 196 2344 ex
215 2314 268 2347 Clem
287 2316 338 2350 dten.
358 2320 376 2348 et
393 2312 487 2357 vellium
499 2318 585 2347 neronior.
607 2313 724 2360 Cfudldbler,
739 2315 819 2350 Albanas.

59 2365 121 2410 interp.
136 2370 213 2403 restituo.
234 2370 252 2403 Iu
266 2371 295 2404 us.
311 2378 348 2415 post
361 2370 429 2404 eldrado-
448 2372 466 2406 T.
479 2372 491 2405 l.
506 2385 522 2417 p.
538 2373 565 2405 12.

59 2424 129 2464 terminu
142 2427 239 2461 abundant:
252 2428 294 2466 cino:
305 2429 429 2472 siricinio-rpite.
462 2431 492 2474 tl]
506 2432 532 2464 Ad
545 2432 677 2465 auuuniiandam
695 2433 766 2477 gloriam
780 2433 818 2467 Dei.

84 2482 102 2523 9)
116 2482 139 2516 Ita
153 2487 205 2519 Ctem.
215 2489 265 2521 iiten.
279 2493 296 2520 et
309 2494 343 2522 ret.
357 2490 428 2533 intcrp.3
461 2489 492 2532 te]
505 2489 517 2521 l.
529 2499 543 2521 e.
557 2501 591 2523 rins
604 2491 654 2535 ipsos
664 2493 720 2536 effecit
729 2494 763 2525 tnle
772 2498 818 2525 tein-

60 2535 90 2570 dls.
103 2537 170 2577 l'rd'o'goc
447 2548 501 2592 ptumi.

73 2595 102 2636 10}
114 2593 132 2628 Ὁ
146 2596 183 2633 θεὸς
194 2600 206 2632 i.
221 2611 235 2633 e.
250 2602 327 2644 Χριστός,
343 2603 372 2637 cfr⁴
386 2615 429 2649 quac
461 2604 490 2646 13)
505 2605 536 2646 Qui
551 2611 577 2638 est
591 2616 654 2649 praeeo
667 2604 764 2649 Evangelii.
781 2635 784 2637 .

60 2650 147 2686 Barnabas
167 2666 217 2698 supra
238 2658 280 2692 dixit
298 2672 313 2693 c.
330 2662 346 2694 6.
364 2673 381 2705 p.
398 2663 429 2695 14:
461 2663 817 2706 14][causus.;ucr.1arini.nitito.

60 2706 85 2741 ὅτι
97 2710 162 2753 ἔμελλεν
174 2710 191 2744 ἓν
204 2717 248 2758 σαρκὶ
261 2721 368 2762 φανεροὺσθαι
379 2722 405 2752 καὶ
413 2718 430 2753 {n
449 2721 479 2754 dis.
492 2717 517 2752 ἔπ’
530 2717 578 2763 αὐτῷ.
