1765 2987
211 180 224 216 r.
236 179 359 227 cneuunns
372 181 402 216 nn
416 182 465 217 con.
478 183 544 219 xxm.
557 168 630 219 ammi.
773 185 802 228 97

43 300 53 328 a
70 286 113 328 Deo
130 286 207 328 Jacobo
223 288 295 329 tributa
312 292 368 341 sunt,
385 289 550 344 magnificentiam
566 292 669 346 intelliget.
701 291 732 334 Ab
750 291 802 333 lillo

42 357 94 398 enirn
111 358 149 398 orti
164 361 211 399 sunt
226 358 343 400 sacerdotes
360 372 430 400 omnes
446 364 466 401 et
480 361 575 413 Levitae,
594 363 628 414 qui
643 362 700 403 altari
714 363 753 403 Dei
768 362 803 403 in-

41 427 145 477 serviunt3
168 425 211 467 ²ab
232 427 266 468 illo
282 428 380 469 Dominus
396 429 455 470 Jesus
474 430 584 471 secundum
606 443 699 483 carnem;
722 433 746 473 ab
768 432 802 474 illo

41 508 115 551 reges,
138 498 239 550 principes
260 503 280 539 et
302 497 363 539 duces
384 512 421 552 per
441 499 534 540 familiam
550 499 621 540 Judae.
651 501 695 541 Nec
710 503 803 555 reliquae

42 567 86 620 ejus
102 566 165 607 tribus
181 567 201 607 in
216 578 280 620 parvo
297 567 374 608 bonore
390 572 448 620 sunt,
467 568 595 621 promittente
611 568 689 608 scilicet
704 570 802 611 Domino:

43 633 103 675 ³erc't
116 649 185 677 semen
201 641 258 676 taam
274 643 374 690 tanquam
389 638 463 677 stellae
480 637 539 677 coeli.
569 636 585 676 li
601 648 652 690 ergo
669 649 739 679 omnes
754 640 804 693 glo-

42 705 91 745 riam
108 710 128 745 et
143 706 292 759 amplitudinem
307 707 412 747 consecuti
425 711 478 755 sunt,
494 718 535 746 non
545 717 583 758 per
594 707 680 758 seipsos,
697 713 731 747 aut
742 720 805 761 opera

42 788 85 828 sua,
102 780 135 817 aut
148 764 213 830 Justas
230 777 326 828 actiones,
344 788 393 829 quas
410 776 509 826 fecerunt,
525 775 562 815 sed
573 788 610 828 per
620 776 743 817 voluntatem
755 778 804 831 ejus.

43 845 68 886 Et
83 858 120 886 nos
136 847 209 900 igitur,
229 859 255 886 ex
272 846 373 887 voluntate
389 846 433 899 ejus
449 845 468 885 in
485 845 564 886 Christo
581 845 630 887 Jesu
646 847 723 898 vocati,
743 844 804 888 ⁴non

42 928 80 968 per
99 927 137 956 nos
158 902 214 969 ipsos
230 915 376 969 justificamur,
398 927 464 967 neque
480 926 517 967 per
532 915 650 967 sapientiam
665 920 755 956 nostram
772 920 805 957 ant

42 985 195 1039 intelligentiam
211 990 244 1027 aut
259 986 354 1039 pietatem
370 989 403 1026 ant
419 997 494 1039 opera,
511 984 599 1037 quaein
615 985 682 1027 cordis
699 987 804 1027 sanctitate

43 1056 120 1107 operati
136 1067 211 1107 sumus,
227 1055 317 1108 sedper
331 1055 400 1106 iidem,
417 1067 454 1107 per
470 1067 529 1107 qnam
545 1055 671 1107 omnipotens
687 1056 743 1096 Deus
760 1053 803 1096 ⁵ab

42 1124 97 1166 initio
120 1136 190 1166 omnes
210 1124 337 1179 justificavit,
361 1125 393 1166 oui
415 1125 440 1166 sit
461 1124 526 1179 gloria
548 1124 568 1165 in
589 1124 657 1166 secula
680 1126 804 1168 seculorum.

43 1193 115 1235 Arnen.

43 1390 130 1432 XXXIII.
161 1391 192 1431 Ne
212 1391 382 1443 derelinquamus
402 1403 453 1431 oerc
474 1391 531 1432 bona
551 1405 616 1444 cpenc
635 1397 655 1432 et
674 1392 803 1434 charitatem.

148 1460 239 1513 Operam
254 1460 357 1502 bonoram
371 1460 430 1500 Deos
445 1461 490 1512 ipse
506 1460 567 1501 nobis
583 1462 705 1512 cecropium.

103 1539 172 1592 ⁶Qnid
188 1543 248 1598 igitur
264 1542 367 1594 faciemus,
383 1540 473 1582 fratres?
504 1541 631 1583 Cessabimus
647 1554 659 1582 a
674 1542 734 1583 bonis
751 1554 805 1595 ope-

42 1613 104 1663 ribus,
121 1617 142 1652 et
157 1612 272 1652 charitatem
289 1611 469 1663 derelinquemus?
496 1608 630 1664 ⁷Neutiquam
647 1612 686 1652 hoc
702 1611 754 1664 apud
766 1623 804 1652 nos

43 1678 106 1723 8lieri
120 1682 221 1735 permittat
236 1682 339 1734 Dominus,
359 1680 395 1722 sed
412 1693 457 1721 cunr
472 1680 575 1736 diligentia
591 1684 611 1722 et
626 1680 685 1721 animi
702 1680 804 1721 alacritate

43 1764 103 1793 omne
119 1764 170 1805 opus
185 1753 260 1793 bonum
276 1764 376 1806 peragere
392 1751 517 1793 festinemus.
550 1748 612 1805 ⁹lpse
628 1752 681 1792 enim
698 1750 768 1804 opifex
784 1755 805 1791 et

42 1822 139 1863 Dominus
156 1822 243 1863 omnium
258 1822 277 1862 in
292 1821 387 1874 operibus
397 1822 440 1862 suis
451 1822 532 1863 exultat.
559 1821 632 1861 Coelos
645 1820 698 1860 enim
710 1831 804 1872 suprema

43 1903 80 1932 sua
96 1896 115 1931 ct
130 1893 216 1933 maxima
231 1892 321 1946 potentia
336 1891 436 1944 stabilivit,
452 1892 539 1946 illosque
554 1889 752 1945 incomprehensibili
768 1901 804 1930 sna

43 1962 142 2015 sapientia
158 1963 247 2013 ornavit3
264 1966 337 2004 terram
354 1962 412 2003 etiarn
428 1962 452 2003 ab
468 1974 526 2015 aqua,
543 1974 595 2015 quae
610 1962 664 2009 illam
679 1961 751 2013 ambit,
767 1972 804 2001 se-

43 2032 131 2085 paravit,
155 2036 175 2073 et
197 2044 259 2085 super
282 2032 382 2073 immobile
406 2032 501 2086 propriae
523 2031 632 2072 voluntatis
655 2030 805 2072 fundamentum

43 2101 139 2153 firmavit3
162 2107 182 2143 et
198 2101 299 2154 animalia,
321 2102 408 2155 quaein
424 2102 456 2143 illa
472 2106 592 2153 versantur,
612 2102 672 2156 Jussu
688 2113 725 2142 suo
741 2112 805 2154 prae-

44 2171 98 2223 cepit
113 2183 171 2221 esse;
193 2183 248 2212 mare
265 2172 335 2224 etiam,
356 2177 376 2213 et
390 2184 445 2225 ,quae
459 2172 480 2213 in
496 2172 530 2213 illo
546 2172 617 2213 vivunt
636 2172 738 2223 animalia,
761 2183 805 2211 oum

43 2240 100 2293 prius
115 2245 212 2293 creasset,
228 2240 316 2295 potentia
332 2252 368 2283 sua
383 2241 469 2282 inclusit.
495 2240 528 2283 Ad
543 2241 595 2283 haec
610 2241 682 2284 animal
699 2240 805 2282 excellen-

45 2388 139 2434 Collectio,
156 2390 174 2425 T.
187 2390 223 2425 vll.
238 2403 254 2436 p.
268 2391 306 2434 84).
330 2392 415 2437 Equidem
458 2392 476 2434 7]
491 2393 585 2435 Μηθαμῶς,
598 2392 668 2436 italis,
681 2385 805 2433 nonandaqude,

45 2449 85 2482 satis
97 2449 155 2482 mirari
167 2460 201 2482 non
214 2460 289 2493 possum,
303 2450 343 2495 quid
352 2461 415 2484 causae
434 2450 459 2482 uti
471 2450 489 2482 in
502 2449 551 2483 libris
563 2451 658 2494 impressis.
676 2453 715 2483 laci

45 2506 103 2549 luerit,
113 2517 166 2551 quare
175 2508 201 2553 vir
208 2507 237 2541 ille
246 2508 354 2542 doctissimus
361 2513 415 2541 toturn
458 2507 477 2550 8)
490 2508 514 2541 Ita
528 2510 566 2542 Jun.
581 2513 598 2541 et
611 2510 650 2542 Jac.
674 2506 742 2541 Caeten
756 2517 805 2550 γεγε-

45 2573 79 2597 non
95 2565 204 2608 exscripserit
217 2566 267 2599 nobis
278 2566 345 2609 locum,
361 2575 416 2610 prae·
434 2567 507 2607 aptatam.

46 2623 103 2655 sertim
119 2621 170 2667 quum
185 2621 260 2656 lectione
277 2629 348 2658 atextu
361 2622 416 2657 Cote-
459 2623 477 2665 9)
500 2622 577 2656 Gitantur
597 2622 643 2656 ’haec
668 2622 713 2666 apud
738 2623 806 2657 Joana.

45 2678 83 2712 lerii
96 2690 163 2714 necnon
176 2690 186 2713 a
198 2680 369 2716 Damascenil’arall.
382 2692 415 2716 va·
435 2684 529 2723 Damaso,
547 2680 611 2714 Sacrae
627 2679 689 2714 Parall.
707 2679 743 2713 Lib.
760 2679 773 2713 1.
790 2690 806 2712 a.

45 2737 90 2771 riute
102 2737 157 2772 lassus
170 2739 197 2772 sit.
217 2740 315 2773 Jacosson.
383 2751 385 2753 ·
435 2741 451 2782 ἓ.
461 2737 589 2772 vltI.T0m.11.
599 2749 616 2782 p.
625 2737 665 2771 310.
675 2737 703 2772 ed.
712 2737 736 2772 Le
745 2736 806 2779 Quien.

82 2808 126 2835 Patres
136 2811 178 2841 apost.
188 2807 213 2835 st.
224 2807 246 2833 lV.
650 2797 663 2839 7
