1789 2987
84 209 127 252 366
225 204 318 242 uuntrau
332 203 422 240 rasrou.
447 204 514 240 tuum
526 205 549 240 ut
570 203 669 240 urnuuar.
682 205 702 239 x.

85 314 196 369 intelligo.“
229 315 317 369 „hullt
333 315 403 369 inquit,
420 318 454 368 „et
465 315 562 370 intellige,
593 314 624 367 tu,
642 313 675 368 qui
685 325 791 368 numquam
804 325 844 354 ex-

84 386 197 439 quisierunt
207 387 320 439 veritatem,
335 398 401 440 neque
412 386 546 440 inquisierunt
557 387 581 429 de
592 386 703 440 maJestate‚
720 384 756 427 sed
769 388 843 426 tantum

84 455 219 509 crediderunt,
235 461 281 498 sunt
296 457 380 498 inuoluti
395 458 416 498 in
435 455 536 511 ¹neg0uis
547 457 649 499 hominum
661 455 792 498 ethnicorum.
819 455 845 496 Et

84 526 133 567 alius
150 523 256 568 ²mendax
271 527 382 581 Prophetes
399 532 440 580 est,
459 528 493 581 qui
508 528 575 582 perdit
590 538 662 570 sensus
678 538 783 568 servorum
799 526 844 578 Dei,

84 596 191 637 dubiorum
208 602 281 650 autem,
297 609 338 639 non
354 597 439 651 tuorum,
456 599 490 652 qui
505 598 568 639 fidunt
583 600 603 639 in
618 598 703 639 Domino
719 597 784 651 plene.
814 596 845 637 llli

84 678 134 722 ergo
152 666 205 707 dubii
221 668 278 721 quasi
298 667 323 708 ad
345 667 433 709 diuinum
449 669 543 722 Spiritum
564 669 659 721 veniunt,
681 672 702 708 et
719 668 845 723 interrogant

83 737 144 789 illum,
161 736 208 790 quid
224 738 262 779 illis
278 737 366 779 futurum
383 739 414 779 sit.
445 739 469 779 Et
484 739 517 780 ille
533 739 620 780 mendax
633 738 752 792 Prophetes,
769 737 844 778 nullam

83 806 161 847 hahens
182 807 202 847 in
222 820 244 849 se
265 809 359 850 uirtutem
375 808 460 864 Spiritus
482 808 555 861 divini,
576 809 664 863 loquitur
681 807 719 848 illis
735 806 845 848 secundum

84 877 263 932 interrogationem
286 880 376 932 illorum,
400 885 420 921 et
442 880 510 934 implet
533 880 608 921 animas
630 879 710 920 illorum
732 878 844 933 promissis,

85 949 136 989 sicut
151 949 178 988 illi
195 950 271 990 volunt.
302 949 336 991 llle
353 954 418 991 autem
432 950 542 1003 Prophetes
558 950 622 991 inanis
639 953 675 1002 est,
692 953 712 989 et
727 948 792 990 inania
808 959 845 988 re-

85 1017 173 1070 spondet
183 1019 280 1060 inanibus.
307 1019 407 1072 Quidquid
424 1008 476 1060 enim
489 1020 626 1074 interrogatur
637 1031 647 1059 a
658 1019 714 1059 vanis
726 1019 845 1070 hominihus,

84 1100 135 1128 uana
146 1089 257 1142 respondet
267 1089 312 1129 illis.
337 1086 346 1112 ³
356 1089 457 1137 Quaedam
468 1094 534 1130 autem
546 1090 607 1131 verba
618 1101 667 1129 vera
678 1088 771 1141 loquitur.
794 1088 845 1128 Dia-

84 1158 143 1199 bolus
161 1158 213 1198 enim
228 1159 297 1212 implet
308 1171 354 1212 eum
365 1160 491 1212 spirituum,
508 1163 529 1200 ut
541 1159 620 1214 dejiciat
630 1159 715 1212 aliquem
728 1172 754 1199 ex
763 1157 844 1214 justis.“

143 1228 164 1268 ll.
193 1228 332 1283 „Quicumque
349 1241 399 1283 ergo
416 1229 481 1271 fortes
497 1230 578 1270 suntin
594 1229 634 1269 lide
644 1228 730 1281 Domini,
746 1233 766 1269 et
781 1227 845 1269 induti

84 1303 131 1340 sunt
146 1299 261 1352 ueritatem,
283 1300 354 1340 talibus
370 1300 472 1353 spiritibus
488 1312 529 1341 non
542 1299 666 1354 junguntur,
688 1298 724 1340 sed
740 1298 846 1340 discedunt

84 1370 108 1410 ab
125 1370 169 1410 illis.
201 1370 303 1423 Quotquot
318 1375 384 1411 nutem
406 1370 460 1412 dubii
480 1374 537 1422 sunt,
560 1375 580 1411 et
600 1369 685 1411 subinde
703 1369 844 1424 poenitentiam

85 1444 152 1494 agunt,
169 1441 276 1481 consulunt
291 1438 400 1494 4tanquam
417 1441 496 1493 ethnici,
513 1443 533 1480 et
547 1452 678 1495 permagnum
691 1439 729 1480 sibi
740 1444 844 1494 peceatum

86 1514 206 1564 congerunt,
222 1511 281 1552 idolis
296 1512 417 1553 servientes.
448 1511 570 1561 Quicumque
585 1524 635 1565 ergo
648 1510 697 1552 tales
711 1515 763 1563 sunt,
778 1511 844 1551 inter-

86 1585 159 1635 rogant
174 1593 211 1634 pro
228 1582 310 1636 negotio
327 1581 427 1634 quolibet,
444 1581 550 1622 simulacra
566 1581 640 1634 colunt,
659 1586 679 1622 et
694 1582 749 1622 stulti
765 1583 845 1622 suntet

86 1652 156 1691 inanes
172 1664 183 1691 a
198 1652 289 1692 ueritate.
321 1651 390 1693 Omnis
402 1653 453 1694 enim
465 1653 545 1707 spiritus
557 1653 622 1703 abeo
637 1652 693 1694 datus
707 1665 748 1694 non
764 1651 845 1693 ⁵inter-

84 1726 180 1777 rogatur;
203 1722 239 1763 sed
255 1723 331 1764 hahens
347 1723 439 1765 virtutem
456 1723 574 1776 divinitatis,
596 1717 607 1765 a
627 1735 651 1765 se
670 1723 734 1765 omnia
750 1722 844 1776 loquitur,

85 1793 132 1846 quia
148 1793 252 1835 desursum
270 1797 300 1835 est
316 1807 326 1835 a
342 1794 415 1835 uirtute
436 1794 497 1836 divini
518 1795 604 1848 spiritus.
636 1794 674 1842 Oui
692 1798 758 1835 autem
778 1794 844 1834 inter-

84 1869 181 1919 rogatus,
202 1865 291 1919 loquitur
306 1864 416 1907 secundum
433 1865 566 1918 desiderium,
589 1869 608 1906 et
624 1861 686 1905 6aliis
701 1865 766 1906 multis
782 1864 844 1905 rebus

85 1935 144 1989 hujus
161 1936 229 1976 seculi.
259 1936 378 1991 Hujusmodi
388 1950 429 1979 non
440 1936 553 1990 intelligunt
569 1932 715 1989 7quaestiones
726 1935 844 1985 divinitatis;

86 2007 218 2047 obscurantur
230 2006 282 2047 enim
292 2007 316 2047 iis
328 2009 422 2062 negotiis,
439 2012 459 2048 et
470 2011 631 2060 corrumpuntur,
648 2009 668 2046 et
683 2005 843 2060 confringuntur.

85 2075 140 2118 Sicut
150 2076 200 2116 vites
212 2076 284 2129 bonae,
296 2089 347 2130 quae
358 2079 494 2133 negliguntur,
505 2078 529 2118 ab
540 2077 608 2118 herbis
621 2080 641 2118 et
652 2076 714 2129 spinis
726 2079 844 2130 premuntur

86 2150 105 2186 et
120 2150 228 2198 uocantum
245 2149 275 2189 sie
290 2153 311 2188 et
326 2148 424 2201 homines,
441 2149 474 2202 qui
489 2148 561 2189 talibus
578 2146 713 2198 crediderunt,
729 2146 743 2187 ii
757 2144 844 2201 negotiis

85 2261 137 2303 ducit,
152 2266 169 2293 ut
182 2272 197 2294 c.
210 2260 233 2305 3,
245 2264 346 2307 praesertim
360 2264 376 2296 in
389 2263 454 2297 Graeco
474 2263 550 2297 Eandem
569 2264 663 2297 doctrinam
680 2262 757 2305 reperies
770 2262 786 2294 in
800 2262 843 2296 Cle-

85 2319 220 2353 demonstratur:
239 2319 279 2362 or‘r'zq
295 2318 324 2353 οὖν
336 2319 346 2362 ἡ
357 2319 399 2363 λύπη
410 2320 456 2353 δοκεῖ
473 2324 536 2357 attentis
549 2324 626 2368 Recepti.
641 2321 669 2364 tv,
679 2320 707 2352 21.
717 2320 745 2354 22*
761 2318 805 2361 vttt,
815 2318 843 2351 60.

84 2378 163 2421 curris-pior
176 2377 227 2421 ἔχειν,
244 2376 270 2410 ὅτι
282 2375 302 2410 zol
314 2376 385 2422 πονηρὸν
397 2376 455 2423 πράξας
474 2368 638 2415 Pseudo-Ammon.
653 2378 695 2412 adl
708 2377 766 2412 Thess.
779 2377 800 2420 5,
815 2375 844 2410 21.

84 2433 185 2480 paradisum.
211 2435 354 2479 Cfr.HCt)1‘.'7‚
368 2435 395 2470 10.
474 2438 539 2471 Germ.
578 2458 580 2460 >

108 2494 127 2539 1]
142 2494 235 2529 Terrestria
248 2501 308 2529 curant
320 2496 365 2529 sicut
377 2487 456 2529 ethnicis
496 2495 516 2538 4]
530 2493 556 2529 Sc.
570 2498 624 2530 hosce
635 2498 736 2542 prophetoe.

108 2553 127 2594 2)
141 2552 167 2585 De
185 2552 249 2596 duplici
262 2553 354 2599 Prophetia
368 2552 398 2589 cfr.
411 2553 455 2587 infra
497 2552 515 2595 5)
529 2551 541 2586 Ι.
551 2563 567 2587 e.
580 2554 619 2599 ipso
631 2556 716 2600 loquitur,
729 2564 763 2588 non
776 2565 785 2588 a
797 2564 842 2600 quo-

84 2609 139 2644 hland.
147 2609 173 2644 Xl.
186 2616 203 2644 et
210 2610 271 2646 Homil.
284 2614 454 2648 Pseudo-Clement-
473 2611 517 2655 piam
529 2611 576 2655 prins
588 2612 718 2657 interrogandus
731 2617 763 2646 est.

84 2667 105 2710 ll,
120 2668 140 2701 15
154 2673 171 2701 et
183 2668 211 2711 Ill,
225 2670 247 2703 22
258 2681 283 2715 sq.
497 2669 516 2712 6]
528 2668 617 2704 Fortasse:
630 2672 651 2706 de
663 2672 711 2706 aliis.
729 2673 804 2704 Furius.

108 2726 127 2771 3)
136 2727 222 2761 Laudatur
229 2728 257 2762 hic
265 2728 313 2762 locus
322 2739 332 2761 a
341 2731 394 2764 Oderit.
403 2732 454 2765 Alco.
497 2726 516 2771 7)
531 2726 563 2762 (ΙΙΙ.
577 2739 627 2773 supra
640 2739 655 2762 c.
670 2729 685 2762 Ι,
698 2739 714 2773 p.
727 2729 766 2762 365.
779 2733 814 2762 not.
826 2727 842 2762 4,

85 2784 145 2820 Stroni.
163 2783 182 2829 Ι,
200 2785 228 2820 17,
251 2797 269 2831 p.
288 2786 322 2820 369
343 2787 371 2821 ed.
393 2787 454 2821 Venet.
