1765 2987
246 162 375 221 nammn'nt
387 186 404 222 s.
417 187 544 224 rorrcaan.
557 190 569 226 1.
583 190 603 225 n.
762 191 803 235 275

119 292 133 333 Ι.
163 293 196 334 De
211 295 312 348 rnnrttstlo
328 294 440 349 Polycarpi
456 303 475 338 el
490 300 597 340 sociorum
612 300 730 341 scribimus.

105 362 225 417 Scripsimus
241 366 305 417 vobis,
322 365 401 417 fratres,
418 367 443 408 de
458 370 577 422 martyribus
594 375 613 409 el
629 369 654 411 de
669 370 728 411 beato
739 369 804 424 Poly-

46 445 117 485 carpo,
135 435 167 486 qui
184 435 278 488 martyrio
295 447 344 487 suo,
360 437 414 477 velut
429 439 534 493 signaculo
551 441 648 493 quodam,
666 442 803 494 persecutioni

45 504 103 545 linem
119 503 218 556 imposuit.
248 504 301 545 Fere
322 507 380 565 enirnv
394 502 474 560 cuncta,
496 521 547 561 quae
568 516 734 562 praecesserunt,
757 512 802 551 ideo

46 566 167 626 evenerunt,
188 578 210 614 ul
230 575 288 615 nobis
309 575 405 617 Dominus
429 578 517 631 desuper
541 579 657 620 ostenderet
680 581 802 634 martyrium,

44 643 154 697 Evangelio
171 656 288 698 congruum.
318 644 448 698 Exspeelauit
464 649 516 688 enim
531 649 589 699 tradi,
606 651 656 690 sicul
668 653 687 689 et
701 650 803 702 Dominus,

44 717 65 754 ut
81 717 100 753 et
115 725 153 754 nos
169 714 231 767 ipsius
248 726 338 754 essemus
355 715 469 768 imitatores,
486 729 527 758 non
543 718 608 758 solum
622 724 691 759 nostra
707 719 803 760 conside-

43 788 118 837 rantes,
134 784 171 825 sed
187 789 207 826 et
223 797 252 837 ea,
270 798 321 838 quae
338 784 362 826 ad
379 787 482 839 proximos
495 789 601 841 pertinent.
632 788 737 828 Charitatis
751 789 803 829 enim

43 866 104 894 uerae
120 867 143 895 ae
159 855 235 896 solidae
252 856 292 908 est,
313 867 354 896 non
375 857 435 898 niodo
457 870 480 899 se
501 860 565 913 ipsum
582 858 635 900 velle
655 860 744 911 servari,
766 859 803 900 sed

43 924 101 965 etiam
118 937 188 967 omnes
204 925 283 967 fratres.

230 1055 252 1096 ll.
283 1056 398 1109 lllnrtprnm
413 1057 468 1097 mira
483 1058 609 1099 corrstontirn

99 1139 159 1179 Beata
184 1142 203 1177 et
225 1140 327 1192 generosa
348 1137 428 1178 luerunt
450 1144 520 1181 cuncta
542 1141 646 1194 martyria,
670 1152 722 1193 quae
741 1140 800 1194 juxta

42 1209 163 1249 voluntatem
175 1207 212 1248 Dei
227 1212 344 1248 evenerunt
374 1207 452 1256 ¹Qunm
468 1213 520 1251 enim
531 1223 569 1251 nos
580 1202 719 1264 religiosiores
731 1212 799 1263 siums,

41 1280 85 1320 lieo
108 1279 194 1319 omnium
215 1290 282 1318 rerum
301 1281 420 1330 potestatem
437 1277 591 1326 ladscr·ibamus
613 1286 698 1333 oportet.
731 1278 800 1328 ³Quis

41 1351 93 1390 enim
109 1350 266 1404 generositatem
283 1360 353 1389 eornm
369 1353 389 1388 el
404 1350 518 1401 patientiam
534 1354 554 1390 el
569 1363 618 1404 erga
629 1350 733 1391 Dominum
750 1349 800 1390 cha-

40 1421 116 1460 ritatem
132 1431 173 1460 non
189 1419 303 1470 admiretur,
320 1419 354 1471 qui
368 1418 454 1472 flagellis
470 1420 520 1461 adeo
536 1420 628 1472 lacerati,
645 1425 666 1460 ut
682 1419 706 1460 ad
722 1420 800 1460 intimas

41 1503 104 1544 usque
120 1502 182 1531 venas
204 1495 224 1531 el
244 1490 327 1530 arterias
350 1490 441 1542 corporis
462 1494 561 1531 structura
583 1494 711 1541 certioretur,
734 1492 800 1529 lamen

39 1562 187 1609 sustinuerunl;
204 1560 236 1610 ila,
253 1564 274 1599 ul
291 1559 348 1599 etiam
365 1558 466 1599 adstantes
482 1561 626 1600 miserarentur
642 1565 662 1600 el
674 1560 799 1613 plangerent,

39 1631 77 1683 ipsi
93 1642 143 1672 vero
160 1642 184 1671 eo
201 1629 322 1671 fortitudinis
338 1629 437 1679 venirent,
454 1633 474 1669 ul
489 1642 549 1671 nemo
565 1630 644 1671 illorum
660 1642 727 1682 neque
742 1641 800 1669 mur-

38 1705 126 1741 muraret
136 1712 203 1753 neque
215 1699 363 1754 ingemisceret,
381 1700 472 1740 omnibus
484 1701 621 1753 ostendentes,
635 1700 689 1754 quod
701 1704 798 1753 martyres

39 1770 111 1812 Christi
127 1771 176 1812 liora
192 1771 239 1821 ista,
257 1782 295 1823 qua
311 1770 466 1823 torquebantur,
489 1775 546 1811 extra
563 1784 643 1811 carnem
661 1770 745 1821 luerint,
766 1773 799 1809 aut

37 1842 116 1894 potius,
140 1840 193 1894 quod
215 1840 311 1881 Dominus
336 1840 432 1881 assistens
456 1853 500 1881 cum
521 1842 570 1894 ipsis
593 1846 647 1882 esset
670 1840 798 1881 collocutus?

37 1911 104 1964 Atque
119 1913 143 1953 ad
160 1910 233 1952 Christi
249 1911 333 1964 gratiam
350 1910 482 1951 adtendentes
504 1910 603 1952 mundana
623 1914 721 1952 tormenta
737 1921 798 1962 sper-

36 1982 121 2033 nebant,
142 1982 201 2022 unius
221 1981 283 2021 horae
303 1980 367 2033 spatio
387 1991 410 2020 sc
433 1981 457 2020 ab
477 1986 559 2020 aeterna
581 1994 647 2033 poena
668 1980 797 2020 redimentes.

37 2050 170 2105 Frigidusque
190 2052 238 2105 ipsis
259 2050 364 2091 uidebatur
385 2050 437 2103 ignis
459 2050 569 2091 crudelium
592 2049 711 2091 carnificum.
747 2049 797 2089 Prae

37 2121 100 2161 oculis
122 2122 174 2162 enim
195 2120 295 2160 habebant
315 2119 382 2173 lugam
402 2119 455 2159 illios
475 2122 538 2175 ignis,
561 2122 595 2174 qui
616 2125 710 2161 aeternus
727 2122 758 2159 est
778 2122 798 2158 et

36 2198 136 2245 nunquam
152 2191 298 2244 exstinguetur,
315 2194 335 2229 et
351 2189 414 2229 oculis
431 2191 498 2231 cordis
514 2191 650 2243 respiciebant
663 2189 687 2231 ad
702 2201 726 2230 ea
737 2190 797 2240 bona,

36 2272 87 2312 quae
102 2264 233 2301 reservantur
248 2258 403 2311 sustinentibus,
425 2257 498 2312 lquere
520 2274 558 2302 nec
580 2261 640 2302 noris
658 2260 740 2300 audibit
758 2270 797 2298 nec

36 2331 109 2372 ocolus
120 2332 179 2382 uidit,
197 2343 250 2383 pube
265 2343 303 2371 nec
318 2331 341 2370 m
357 2342 395 2370 cor
410 2331 501 2372 leontinis
514 2332 662 2380 escenderunt,
681 2339 795 2383 quaerero

35 2411 46 2439 a
62 2400 147 2442 Domino
162 2405 272 2443 monstrata
287 2405 334 2442 sunt
349 2400 384 2453 iis,
406 2405 475 2454 utpote
491 2403 525 2455 qut
541 2415 581 2444 non
597 2402 688 2443 lrornines
705 2400 794 2453 amplius,

58 2585 77 2630 2)
90 2586 115 2620 lta
126 2585 239 2629 Jacobsonus,
252 2586 281 2630 qui
294 2585 349 2618 multis
362 2586 404 2619 locis
423 2586 462 2629 pitis
475 2585 538 2619 dictum
551 2591 587 2628 est,
606 2586 686 2629 martyria
698 2584 727 2619 illa
739 2583 791 2618 luisse

34 2647 97 2678 tentum
111 2656 120 2679 e
134 2646 194 2680 codice
203 2643 333 2678 vindobonensi
342 2654 403 2677 ernen-
422 2643 471 2677 beata
485 2650 502 2676 et
514 2655 604 2689 generosa.

35 2699 86 2735 davit,
446 2702 465 2746 l]
479 2701 486 2736 1
498 2701 537 2737 Cor.
551 2702 568 2746 2,
581 2701 597 2736 9.

57 2758 76 2802 3)
89 2759 172 2796 Probatur
183 2771 238 2805 nunc,
251 2760 297 2805 quod
309 2760 358 2795 initio
372 2771 403 2795 ca-

606 2815 652 2859 lar
715 2860 720 2866 ,
