1789 2987
67 208 79 242 L
359 198 524 235 raotuoounna
692 200 823 246 [EPISTOLAE
842 226 848 229 -

66 315 91 355 ete
107 312 211 361 neititiius,
227 320 280 361 quos
291 307 415 359 Leopariios‘
431 314 500 359 oocut,
517 310 603 350 scribit:
619 301 641 350 o‘l
654 306 689 350 nui
700 302 822 365 εὐεργετού-

64 396 121 436 peroi
135 377 218 435 χείρους
232 375 331 433 γίνονται,
347 377 436 429 scilicet,
456 391 497 431 quo
513 380 680 433 plns-pecuniae
697 392 710 421 a
724 380 823 433 riualibus

64 453 182 504 acciperent
189 462 230 502 pro
244 448 378 490 relaxatione
391 449 520 501 uenationis,
537 463 561 493 eo
578 452 651 492 acrius
667 464 694 491 eso
709 451 822 493 interuallo

63 521 84 560 S.
96 520 206 573 ttartprern
217 518 333 569 vestibant,
344 531 385 572 qaia
396 520 496 570 ritajoreni
505 522 609 572 pecuniae
617 522 659 562 aian
667 526 822 574 intorquerent,

63 596 83 630 et
94 590 229 631 Christianos
241 589 350 642 copiosius
362 594 500 641 erritnrperent.
532 589 602 639 Quare
613 604 658 632 crini
671 593 731 633 toties
741 591 823 644 lpuatio

63 661 195 712 continperet
209 660 344 713 refriperatio
361 665 380 700 ct
395 659 421 700 ab
438 658 548 712 iniquitate
561 662 649 701 militurn
658 662 780 714 redemptio,
796 667 822 713 et,

62 738 86 771 ut
101 731 194 782 loquitur
212 732 365 781 Tertullianus,
386 731 496 784 „facultas
515 730 595 771 libcr'oe
611 731 745 782 custodiae,“
759 732 824 785 facile

61 801 131 852 potuit
146 801 203 852 illas,
221 814 275 854 quos
290 801 396 853 trahemus,
412 801 513 853 epistolas
524 814 622 853 eororarc,
640 808 727 854 'quarunt
738 801 823 855 aliquae

62 884 106 913 111111
116 872 202 912 rnultrnn
214 873 318 925 loupiore,
330 885 391 924 quarn
402 872 465 913 aureius
475 873 541 913 torae
550 873 619 925 spatio
628 872 693 912 scribi
701 877 822 924 potuerunt,

62 953 128 994 ireque
144 955 171 982 ee
186 943 229 982 iltis
245 942 291 982 into
307 947 349 982 torn
362 943 452 994 prolicua
464 947 501 993 est,
517 948 541 983 ut
548 943 623 995 plures
634 955 696 995 quarn
707 948 749 984 tres
759 944 824 984 noros

61 1012 160 1062 postulet.
193 1011 233 1052 Cir.
252 1012 350 1063 Ulilliorn,
367 1012 379 1052 1.
396 1025 413 1052 o.
428 1026 447 1065 p.
464 1011 505 1053 271
523 1024 552 1065 sq.

123 1081 143 1136 f)
159 1081 301 1134 Exceptiones,
313 1094 364 1133 quae
375 1081 472 1122 adsrersus
484 1081 592 1122 Romanum
604 1082 674 1136 Ignatii
684 1082 722 1123 iter
733 1081 824 1122 itineris-

64 1164 104 1204 que
119 1153 218 1192 rationem
234 1155 280 1192 sunt
295 1150 396 1205 prolatae,
418 1150 464 1190 mitri
480 1150 547 1191 tontes
563 1151 661 1192 videntur.
692 1150 824 1192 Doctissimae

63 1221 135 1261 Taielii
152 1222 177 1262 de
193 1223 225 1263 via
235 1222 312 1276 ignatio
328 1220 479 1261 dissertationes
495 1233 568 1262 novam
584 1221 631 1262 truie
644 1221 675 1261 rei
688 1220 753 1261 lucem
769 1225 824 1262 attu-

62 1292 129 1332 lerunt
141 1290 166 1347 ¹),
183 1304 233 1345 quas
245 1293 278 1345 qui
290 1291 406 1345 perlegerit,
422 1295 496 1331 tantum
508 1291 571 1343 abest,
578 1276 608 1331 ”ut
619 1292 677 1343 iriam,
694 1303 731 1344 qua
743 1295 824 1332 sanctus

63 1361 140 1415 ltlartyr
164 1361 235 1402 ductus
259 1372 305 1401 esse
326 1365 430 1411 narratur,
455 1364 587 1401 monstrosam
608 1364 678 1413 putare
701 1361 779 1414 possis,
802 1365 824 1401 ut

65 1431 119 1471 ctare
135 1432 250 1484 perspiciat,
266 1431 319 1471 illum
335 1443 376 1471 nnn
393 1430 431 1470 nisi
446 1430 525 1484 vulgari
540 1429 675 1470 Romanorum
691 1431 722 1470 via
739 1430 823 1470 militarit

65 1512 116 1552 quae
136 1502 246 1541 vocabatur
260 1499 356 1555 Egnatia,
377 1512 435 1540 usum
456 1511 508 1540 esse.
540 1499 579 1540 Cir,
602 1499 654 1540 infra
676 1504 719 1541 acta
735 1500 823 1554 lilartyrii

64 1569 83 1611 S.
99 1569 169 1624 ignatii
187 1584 203 1611 o.
219 1569 239 1610 5.

123 1638 150 1694 g)
166 1639 266 1692 ignatius,
283 1639 366 1692 Smyrna
381 1638 474 1680 Romanis
495 1639 597 1690 scribens,
619 1650 660 1679 non
681 1638 779 1690 absurda,
801 1643 823 1679 ut

63 1709 136 1749 Bnurio
162 1709 252 1760 videtur,
278 1710 364 1761 peregit.
400 1708 456 1748 Duae
483 1708 533 1748 enim
560 1708 604 1748 viae
630 1708 715 1761 Smyrna
740 1707 822 1747 Romam

63 1778 168 1828 ducebant,
185 1778 247 1818 attera
258 1779 360 1829 naritima,
377 1777 440 1818 altera
450 1778 552 1819 terrestris
565 1777 609 1833 [via
620 1776 723 1833 Egnatia),
738 1781 759 1818 ut
770 1779 822 1832 bene

63 1848 272 1889 intonuerant
289 1847 313 1902 [l.
330 1847 366 1902 o).
397 1848 498 1888 Terrestri
513 1849 545 1888 aia
560 1849 655 1901 tgrratius,
672 1848 760 1888 fortasse
775 1848 822 1900 qnia

62 1918 156 1957 militibus
172 1918 254 1970 negotia
270 1922 327 1957 erant
342 1919 361 1957 in
373 1918 452 1958 Troade
469 1922 489 1957 et
504 1918 627 1968 ataceoonn,
646 1918 756 1958 ducebatur
772 1916 807 1972 (cl
816 1950 821 1959 .

63 1987 114 2027 Acta
130 1991 210 2040 martyr.
227 1999 243 2026 c.
260 1985 303 2039 5.);
325 1988 408 2041 epistota
428 1992 504 2039 autem,
526 1988 570 2028 sine
591 1987 698 2028 dubio-via
719 1988 821 2040 maritima,

63 2057 111 2096 navi
127 2056 210 2108 quadam
228 2057 337 2106 cursorio,
358 2058 378 2097 in
397 2058 467 2098 urbem
488 2058 559 2110 missa,
581 2062 626 2098 ente
642 2057 739 2112 ignatium
757 2059 821 2111 ipsum

63 2126 139 2166 Rornae
158 2125 255 2166 erlvenire
274 2130 358 2179 poterat.
389 2127 432 2168 Neo
453 2128 536 2168 dirhitnri
557 2132 635 2181 potest,
659 2127 706 2179 quin
729 2128 821 2167 terrestri

64 2208 145 2248 otioque
159 2195 190 2235 via
208 2195 290 2248 epistola
306 2196 345 2249 illa,
362 2197 394 2238 alii
405 2198 482 2239 cuidam
493 2198 570 2249 tradita,
586 2198 643 2238 citius
654 2197 736 2239 Romam
750 2198 821 2239 venire

62 2266 157 2319 potuerit,
174 2278 232 2319 quarn
247 2265 334 2320 ignatius
349 2269 399 2326 ips-e,
415 2269 472 2310 senio
489 2267 592 2311 contectos
604 2266 632 2323 ²).

87 2359 106 2404 l]
118 2360 175 2403 anel,
190 2359 211 2391 de
223 2360 251 2391 via
264 2360 330 2392 militari
343 2360 430 2394 Botriano·
449 2367 495 2395 tasse
507 2362 553 2395 idem
565 2362 602 2402 vir,
616 2361 644 2405 qui
658 2365 675 2393 et
687 2360 724 2393 urbi
737 2359 820 2404 Egnatius

62 2430 99 2453 rum
109 2418 189 2462 Egnatia,
203 2427 235 2462 qua
245 2417 336 2460 illyricum,
349 2418 431 2452 1111111110-
450 2422 465 2454 in
478 2422 542 2465 Apulia
558 2420 640 2463 originem
654 2418 705 2452 dedii
732 2417 765 2452 cn.
778 2417 820 2452 intra

62 2479 90 2529 nia
104 2484 121 2511 et
134 2477 205 2511 Thracia
215 2476 337 2521 jungebantur.
362 2477 431 2511 Disser-
451 2480 547 2524 Martyrium
560 2479 577 2513 S.
588 2478 642 2524 ignat.
657 2489 671 2511 c.
680 2477 721 2511 5·et
735 2478 819 2522 Utilioru,

62 2539 136 2570 tationes
145 2536 168 2575 11,
192 2535 290 2581 Tubingae,
309 2533 372 2580 tanpp.
388 2536 432 2570 1837
451 2538 461 2572 1.
476 2549 489 2571 c.
503 2549 519 2582 p.
534 2537 574 2571 270.

64 2601 81 2629 et
95 2595 144 2630 tart.
166 2595 195 2630 Via
208 2595 304 2640 Egnationa
315 2594 350 2638 jam
363 2606 372 2628 a
383 2594 432 2629 Stra-
474 2596 492 2634 2]
507 2594 637 2639 chrysostomus
647 2594 655 2634 l
657 2593 702 2629 Orat.
711 2595 728 2628 in
739 2593 755 2628 S.
764 2593 819 2640 ignat.

63 2654 109 2687 bone
121 2655 175 2698 primo
189 2653 320 2688 antechristum
331 2653 388 2687 secuto
400 2654 432 2687 de·
451 2654 469 2687 T.
477 2653 497 2687 11.
512 2665 525 2687 c.
535 2655 551 2689 t.
565 2665 581 2697 p.
591 2654 630 2687 593.
644 2654 671 2688 erl.
685 2653 752 2698 tlonti)
766 2654 818 2698 addit,

64 2714 127 2755 scripta
144 2718 174 2745 est.
201 2713 241 2754 Quis
260 2724 297 2747 earn
314 2722 346 2746 suo
363 2713 432 2745 nornine
451 2712 540 2754 Trajanurn
561 2712 626 2756 ignatio
651 2713 730 2758 longiora
755 2713 819 2746 itineris

64 2770 175 2814 insigniverit,
185 2782 229 2805 nunc
238 2774 255 2806 in
265 2772 339 2806 obscuro
349 2777 383 2813 θεῖς
394 2771 432 2805 lor·
450 2771 504 2816 spatia
521 2772 640 2815 proposuisse,
657 2778 676 2805 ut
692 2778 710 2806 et
722 2772 788 2805 itineris
802 2777 819 2804 et
