1765 2987
214 168 227 203 i,
241 167 364 204 cantianus
377 169 407 204 AD
420 170 470 207 COR.
482 157 553 207 XXXIX.
566 172 640 208 XXXIV.
779 177 807 218 99

49 274 146 322 tissimum
159 280 178 316 et
190 276 303 319 inteltectus
314 277 410 331 dignitate
421 279 559 333 celsissimum,
575 281 682 334 hominem,
702 280 808 337 ¹imaginis

50 357 100 387 suae
116 345 265 398 characterem,
287 347 350 388 sacris
369 354 389 389 et
405 349 524 391 intaminatis
539 352 630 392 manibus
646 351 744 396 formavit.
775 351 810 394 Sie'

50 416 101 456 enim
118 415 164 457 dicit
179 417 248 457 Deus:
267 413 276 438 ²
284 415 392 467 faciainus
407 420 511 461 boininetn
526 422 554 461 ad
569 422 679 475 ianapineni
695 427 715 462 et
730 421 808 462 simili-

49 486 141 526 tudinem
163 492 270 534 nostrarnJ
293 492 313 526 et
334 490 414 535 creauit
433 490 492 530 Dens
515 491 628 542 tiotninern,
651 493 766 532 inescatam
789 498 809 531 et

47 556 160 608 focaninani
184 557 266 597 creavit
289 570 329 598 eos.
366 559 421 600 Haec
442 560 502 613 igitur
526 561 592 600 omnia
613 573 658 602 curn
680 562 807 615 perfecisset,

48 626 136 667 laudavit
152 638 182 678 ea,
200 631 219 667 et
234 626 344 679 benedixit,
361 627 463 682 dixitque:
480 626 585 670 ³crescite
599 634 619 670 et
633 631 807 681 multiplicamini.

48 697 166 748 Videamus,
187 694 268 751 *Justos
290 710 360 740 omnes
380 700 439 740 bonis
456 698 552 752 operibus
569 703 651 740 ornatos
667 687 742 750 fuisse,
765 701 808 753 ipse

49 766 106 825 etiam
118 766 221 818 Dominus,
233 768 328 821 operibus
339 779 362 808 se
373 768 438 822 ipsum
449 779 531 820 ornans,
547 768 629 821 gavisus
642 773 678 809 est.
707 769 808 810 Habentes

48 837 115 889 itaque
131 835 170 877 hoc
187 835 319 889 ⁵exemptar,
341 837 365 878 ad
381 837 504 878 voluntatem
520 838 564 891 ejus
580 838 666 893 impigre
682 839 808 891 accedamus

48 902 85 946 5et
100 906 146 947 totis
164 907 238 947 nostris
254 906 330 948 viribus
346 919 396 960 opus
410 907 500 963 justitiae
516 918 630 960 operemur.

47 1033 135 1075 XXXIV.
160 1033 227 1075 Bootis
239 1034 339 1086 operibus
349 1048 426 1088 iranpna
437 1035 495 1087 epact
505 1035 573 1075 Deam
582 1044 667 1077 ineiees.
687 1035 809 1078 Concordia

225 1105 296 1156 juncti
310 1118 420 1156 precemur
436 1118 481 1145 earn
497 1117 510 1144 a
525 1105 623 1146 Domino.

106 1186 175 1226 Bonus
198 1185 301 1239 operarius
323 1186 377 1227 bono
399 1186 464 1226 animo
485 1198 557 1239 panem
580 1187 648 1240 operis
671 1186 702 1227 sui
724 1186 807 1240 aecipit;

47 1255 117 1308 segnis
142 1267 192 1295 vero
217 1258 237 1294 et
255 1254 352 1295 remissus
373 1255 484 1295 locatorem
506 1266 564 1295 suum
585 1267 626 1296 non
648 1255 708 1296 audet
728 1256 807 1296 intueri.

47 1323 132 1376 Oportet
153 1335 203 1377 ergo
225 1335 263 1364 nos
285 1322 310 1363 ad
329 1325 404 1364 bonum
427 1323 541 1364 faciendum
560 1327 639 1377 promto
662 1325 727 1365 animo
750 1336 807 1374 esse3

47 1405 58 1432 a
76 1388 136 1433 ⁷Deo
153 1393 205 1433 enim
222 1393 287 1433 omnia
303 1394 439 1447 porriguntur.
470 1393 570 1433 Praedicit
585 1393 637 1433 enim
652 1393 723 1434 nobis:
741 1390 808 1433 ⁸ecce

46 1462 161 1513 Dominus,
185 1468 204 1502 et
223 1475 301 1503 inerces
323 1463 368 1514 ejus
389 1475 461 1503 conani
479 1463 537 1514 ipso,
558 1468 582 1503 at
601 1463 676 1503 reddat
694 1462 808 1515 unicnique

48 1533 162 1573 sesnandum
177 1546 230 1585 opas
246 1546 312 1574 snam.
343 1533 412 1586 Itaque
428 1523 553 1573 adhortando
568 1543 607 1573 nos
623 1528 664 1572 ⁹ad
676 1532 741 1584 ipsum
756 1544 808 1573 con-

48 1602 109 1643 vertit
123 1607 166 1643 toto
183 1603 255 1656 corde,
275 1615 302 1643 ne
322 1614 397 1657 segnes
417 1607 437 1643 et
456 1601 536 1643 desides
558 1602 619 1643 simus
641 1601 665 1642 ad
681 1604 808 1656 omne'opus

48 1672 128 1713 bonum.
160 1672 256 1713 Gloriatio
272 1676 341 1713 nostra
358 1676 378 1711 et
393 1671 465 1711 fiducia
481 1671 501 1711 in
521 1671 565 1723 ipso
587 1672 623 1721 sit;
645 1672 742 1712 voluntati
763 1672 808 1723 ejus

48 1741 182 1795 subjiciamur,
200 1745 219 1782 et
229 1741 372 1782 multitudinem
383 1740 498 1781 universam
509 1740 628 1794 angelorum
644 1741 687 1793 ejus
700 1740 808 1796 diiigenter

49 1810 211 1862 consideremus,
234 1809 334 1862 quomodo
356 1808 457 1849 adstantes
475 1809 598 1850 voluntatem
614 1810 657 1862 ejus
674 1813 807 1861 exequantur.

48 1878 100 1918 Dicit
115 1879 167 1919 enim
178 1878 291 1932 Scriptura:
310 1877 326 1902 ¹⁰
333 1879 388 1919 dena
402 1878 469 1919 niittia
485 1879 561 1919 (tentata
574 1879 663 1918 milliara
679 1877 808 1918 assistebant

48 1949 79 1999 ei,
101 1953 121 1989 et
138 1949 194 1988 mitte
213 1949 280 1988 miliia
300 1948 447 1989 deserviebant
461 1948 480 1987 ei
497 1946 542 1987 ¹¹et
556 1947 688 1988 clamabunt:
709 1946 807 1996 Sanctus,

47 2017 145 2068 Sanctus,
162 2017 252 2058 Sanctus
263 2017 367 2058 Dominus
381 2016 487 2065 Sacoena,-
500 2017 566 2068 ptena
580 2023 611 2058 est
627 2017 694 2058 oannis
710 2021 809 2057 ereatura

47 2086 119 2139 alonia
134 2088 186 2139 ejas.
217 2087 243 2127 Et
257 2098 295 2128 nos
312 2099 362 2141 ergo
380 2085 530 2147 ¹²conscientia
546 2085 610 2137 ducti,
627 2086 648 2126 in
664 2085 772 2126 concordia
788 2085 808 2125 in

48 2168 109 2196 unum
124 2157 254 2211 congregati,
270 2161 363 2210 tanquam
380 2170 406 2197 ex
422 2169 462 2198 uiro
480 2168 516 2197 ore
532 2156 556 2197 ad
572 2157 636 2210 ipsum
653 2157 771 2207 clamemus,
787 2159 809 2196 ut

48 2237 165 2280 magnarum
182 2231 202 2267 et
217 2226 351 2281 gloriosarum
366 2227 522 2279 promissionum
544 2227 589 2280 epus
608 2226 716 2279 participes
731 2225 808 2266 fiamus.

72 2431 91 2473 6)
104 2431 172 2466 Boisius
185 2438 202 2467 et
214 2432 305 2468 Wottonus
318 2433 387 2478 volunt,
400 2439 419 2468 ut
462 2435 480 2477 9)
493 2433 563 2468 bansta
576 2431 673 2478 planetici
685 2430 705 2465 τό
717 2428 808 2477 ,updpyode

46 2488 115 2535 tegatur
127 2490 154 2521 nat
167 2496 207 2524 ante
219 2489 239 2529 ἓξ.
436 2504 451 2523 κ,
464 2504 479 2523 τ,
490 2493 504 2523 t.

72 2548 90 2589 7)
104 2547 131 2581 Sc.
142 2546 184 2579 Θεοῦ
193 2559 223 2582 seu
232 2546 355 2593 ἓργοπαρέκτου.
369 2548 418 2583 Bais.
451 2550 480 2591 10)
493 2549 537 2582 Dan.
552 2550 569 2593 7,
583 2549 610 2582 10.

72 2604 91 2646 8)
104 2598 143 2638 isai.
156 2605 189 2648 tc,
202 2606 229 2640 to.
247 2606 281 2650 62,
294 2606 322 2640 11.
347 2606 419 2651 Apocal.
451 2606 480 2647 11)
493 2605 531 2639 lsai.
546 2606 562 2649 6,
576 2607 592 2639 3.

49 2661 78 2704 22,
89 2653 120 2695 12.
450 2663 480 2706 12)
494 2656 528 2696 cfr.
538 2673 589 2709 supra
598 2674 613 2697 o.
621 2662 637 2695 2.
646 2672 687 2707 pag.
694 2661 722 2698 55.
729 2662 770 2697 Not.
778 2663 806 2698 13.

633 2720 667 2763 7⁷*
