1789 2987
57 147 102 189 408
172 143 265 178 HERblAE
277 142 369 178 PASTOR.
395 142 460 177 LIBER
473 142 500 177 lll.
526 142 706 178 stttlttt.v111.tx.

60 253 180 306 aequitatem
202 256 344 293 exercuerunt
375 251 443 305 Aliqui
462 264 512 293 vero
535 264 604 293 eorum
619 256 703 293 mortem
720 253 818 306 obierunt,

61 312 128 363 etalii
144 322 230 362 libenter
246 319 331 362 adversa
347 322 401 373 passi
417 309 473 374 sunt,
485 333 585 363 memores
601 321 700 363 factorum
715 323 817 364 su01·um.“

118 391 151 432 XI.
181 391 289 444 Postquam
305 391 382 432 linisset
398 391 484 432 omnium
500 392 602 446 virgarum
616 392 777 446 explanationes,
793 392 819 433 ait

59 461 119 504 milri:
137 461 213 513 „vade,
230 464 250 501 et
265 460 297 501 dic
313 461 415 514 omnibus,
432 465 453 502 ut
468 466 529 516 agant
543 462 698 515 poenitentiam,
716 466 736 503 et
751 462 820 502 vivent

59 532 118 582 De03
142 531 187 583 quia
208 534 273 571 motus
290 530 381 571 domninus
396 541 467 585 magna
484 531 588 572 clementia
604 543 640 572 sua
662 531 713 572 misit
734 543 778 583 me,
798 535 820 571 ut

59 602 203 657 poenitentiam
218 601 331 642 nuntiarem
347 602 453 654 omnibus,
468 601 499 642 bis
516 602 587 653 etiam,
609 602 643 655 qui
658 612 700 641 non
715 606 819 642 merentur

58 676 143 727 propter
158 670 210 712 facta
226 675 262 712 s'ua
278 672 360 724 assequi
376 671 466 711 salutem.
497 669 537 712 Sed
547 670 626 723 patiens
637 674 668 710 est
678 670 783 721 Dominus,
800 674 820 709 et

60 742 199 784 invitationem
214 753 250 792 per
260 739 329 780 Filium
345 751 402 780 suum
419 739 490 780 factam
500 740 543 780 vult
553 738 696 781 conservar·e.“
728 739 779 780 Dico
790 739 819 780 ei:

62 823 144 865 „spero,
160 809 247 861 domine,
263 808 314 862 fore,
330 814 351 850 ut
367 809 438 850 auditis
453 809 484 850 bis
495 810 585 851 universi
599 814 659 865 agant
670 808 818 863 poenitentiam.

62 881 129 922 Credo
146 881 210 932 enim,
232 892 404 933 unumquemque,
427 879 499 933 agnitis
515 880 557 921 suis
573 880 629 921 iactis
647 884 666 920 et
682 882 765 933 accepto
782 878 824 919 Dei,

61 953 145 1002 timore,
160 949 185 991 ad
200 950 343 1003 poenitentiam
358 950 520 1004 regressurum.“
552 950 586 991 Ait
601 950 658 1000 mibi;
683 949 820 1002 ¹quicumque

60 1026 103 1063 toto
120 1019 182 1062 corde
198 1016 277 1073 egerint
292 1019 446 1072 poeniteutiam,
469 1024 488 1059 et
508 1019 658 1073 purificaverint
677 1031 700 1060 se
722 1020 746 1060 ab
767 1019 820 1059 omni

61 1092 155 1144 nequitia,
174 1102 225 1144 quae
241 1102 301 1142 supra
319 1088 369 1130 dicta
386 1094 428 1141 est,
445 1094 520 1130 elnon
536 1090 647 1144 adiecerint
663 1089 728 1130 adlnnc
744 1088 768 1129 ad
780 1089 819 1129 de-

60 1163 107 1203 licta
123 1173 160 1213 sua
176 1159 289 1214 quidquam,
306 1159 404 1213 accipient
420 1159 527 1200 aDornino
542 1159 652 1200 remedium
669 1160 758 1213 priorum
768 1171 820 1213 pec-

62 1236 152 1273 catorum
169 1243 258 1282 suorum,
274 1231 291 1270 si
307 1230 354 1270 nihil
371 1229 504 1270 dubitaverint
521 1230 545 1271 de
557 1230 653 1271 mandatis
665 1230 694 1270 bis
700 1243 706 1280 ;
723 1234 742 1270 et
753 1231 821 1271 vivent

60 1302 111 1343 Deo.
143 1302 181 1350 Qui
197 1313 246 1342 vero
263 1301 380 1355 adjecerint,
396 1300 466 1352 inquit,
483 1299 507 1340 ad
524 1300 596 1340 delicta
611 1311 654 1351 sua,
670 1303 689 1339 et
705 1301 832 1353 conversati,

60 1372 136 1414 luerint
151 1373 172 1412 in
189 1371 328 1424 cupiditatibus
340 1370 403 1412 seculi
413 1370 479 1425 buJ'us,
496 1370 616 1411 danmabunt
627 1383 650 1411 se
661 1371 716 1424 ipsos
727 1369 752 1411 ad
762 1383 819 1424 mor-5

60 1448 106 1484 tem.
138 1442 168 1483 Tu
182 1454 232 1483 vero
249 1442 326 1482 ambula
342 1441 368 1482 in*
378 1440 474 1481 mandatis
490 1440 540 1492 istis,
556 1444 576 1481 et
590 1441 646 1482 vives
662 1441 719 1490 Deo3
737 1445 756 1480 et
772 1440 819 1492 qui-

61 1524 147 1565 cumque
158 1511 302 1553 ambulaverint
313 1511 332 1551 in
343 1510 380 1563 bis,
392 1516 412 1552 et
422 1517 478 1553 recte
490 1523 513 1552 ea
525 1512 660 1565 exercuerint,
673 1512 743 1552 vivent
754 1511 818 1552 beor

60 1583 167 1636 Postquam
183 1594 234 1623 vero
250 1582 300 1623 baec
317 1582 381 1623 emnia
393 1582 439 1623 mibi
451 1581 544 1635 ostendit,
561 1582 587 1623 ait
598 1582 653 1623 mibi:
672 1582 761 1635 ,reliqua
772 1587 819 1634 post

62 1653 104 1694 dies
120 1664 196 1706 paucus
213 1653 246 1693 tibi
263 1652 387 1693 ostendam,“

350 1790 468 1846 Similitudo
493 1790 528 1845 lX.

84 1907 238 1961 Aedificnndue
254 1909 366 1950 rnilituntta
382 1914 402 1949 et
417 1910 565 1964 trinnvpbnntis
581 1911 683 1953 ecclesiae
698 1911 798 1966 inparata

393 1993 491 2022 inaximo.

119 2074 133 2115 l.
164 2074 271 2127 Postquam
287 2074 358 2129 scripsi
374 2075 464 2118 mandata
478 2079 500 2120 et
511 2075 650 2118 similitudines
661 2077 747 2131 pastoris
759 2076 818 2129 illius,

60 2144 124 2185 nuntii
139 2146 282 2198 poenitentiae,
298 2145 352 2186 venit
363 2143 404 2187 ²ad
416 2158 454 2199 nne,
470 2151 490 2188 et
501 2146 550 2187 dixit
561 2147 617 2188 mibi:
634 2147 695 2200 ,vulo
711 2147 819 2189 ostendero

61 2214 101 2267 tibi,
119 2226 257 2267 quaecumque
273 2213 373 2269 3spiritus
388 2216 423 2257 tibi
439 2216 533 2269 ostendit,
550 2217 618 2269 quiin
636 2217 703 2272 effigie
720 2217 818 2258 ecclcsiae

85 2362 103 2406 l)
116 2362 153 2398 Hoc
162 2374 230 2411 quoque
239 2364 278 2400 loco
286 2361 431 2400 libertastiumani
449 2368 501 2401 steria
514 2378 544 2402 sua
555 2367 629 2402 Hermae
642 2368 730 2412 aperuisse
744 2373 818 2402 centen-

60 2421 124 2455 arbitrii
137 2432 145 2455 a
158 2422 208 2456 Patre
225 2429 283 2458 nostro
298 2424 375 2457 ducetur.
397 2423 430 2458 Cfr.
450 2425 500 2459 ditur.
522 2424 600 2460 Ciuilis.
612 2426 641 2470 lV,
655 2428 674 2460 l:
687 2426 717 2460 ubi
730 2429 818 2463 nortvinus
837 2432 840 2436 '

60 2490 111 2525 supra
124 2490 138 2514 c.
152 2480 168 2514 6,
182 2492 199 2525 p.
211 2480 253 2514 tot.
266 2487 301 2515 not.
314 2482 325 2515 2
340 2487 357 2515 et
370 2484 430 2518 Jocb-
449 2483 565 2517 revelationes
577 2495 609 2529 per
620 2487 715 2521 ecclesiane
724 2485 819 2520 ostendisse

59 2550 127 2582 nectua,
140 2537 152 2570 l.
167 2549 182 2572 c.
195 2549 212 2582 p.
225 2538 253 2572 77.
450 2541 514 2576 dicitur.
536 2543 584 2577 llunc
592 2543 652 2578 Pastor
660 2544 720 2578 eadem
732 2554 763 2588 per
772 2544 818 2589 figu-

84 2596 104 2641 2)
117 2596 145 2630 Se.
157 2599 232 2632 arundine
243 2599 365 2642 poenitentiae.
449 2611 485 2634 ram
503 2603 562 2636 turris
580 2604 696 2647 aedificandae
717 2603 756 2644 (eir.
775 2601 819 2636 infra

83 2653 103 2698 3)
116 2653 188 2699 Spiritus
199 2654 238 2698 Dei,
251 2657 262 2690 i.
272 2666 287 2689 e.
301 2655 353 2690 Filius
363 2656 401 2700 Dei,
413 2659 431 2692 in
450 2669 464 2693 c.
478 2658 488 2691 3
501 2660 546 2704 sqq.)
559 2658 632 2694 Hermae
645 2660 725 2697 ostendit.

60 2711 158 2748 Visieuihus
169 2724 201 2759 per
212 2712 283 2758 liguram
291 2713 380 2750 Ecclesiae
391 2727 430 2762 mp-
