1765 2987
112 177 129 212 S.
141 175 265 212 POLYGARPI
277 175 384 212 EPISTULA
396 177 426 212 Al]
441 178 598 215 PHrLtPPEttsEs.
612 178 680 215 111.tv.
694 180 714 215 V.
751 181 791 224 261

35 286 83 329 alius
105 284 145 325 mci
167 284 236 326 similis
258 285 311 326 heati
333 288 352 325 et
373 286 458 339 gloriosi
478 286 563 328 Pauli¹
573 288 689 342 sapientiam
711 288 793 364 assequi

33 359 112 411 potesl;
129 354 162 408 qui
179 367 239 408 quum
256 361 311 396 esset
326 355 377 409 apud
393 368 437 408 vos,
453 368 521 397 coram
537 332 792 399 hominihustuncviven-

34 427 85 467 tibus
102 425 193 478 perfecte
209 437 232 465 ac
247 424 329 465 firmiter
344 425 427 466 verbum
443 427 532 467 veritatis
549 427 627 478 docuit;
644 430 708 481 quiet
701 430 791 470 tahsens

33 495 91 536 vohis
107 494 188 546 scripsit
204 491 327 547 ²epistolas,
343 494 363 534 in
380 507 429 548 quas
444 497 462 536 si
477 497 598 548 intueamini,
615 498 714 539 aedificari
729 503 791 552 pote-

32 565 75 606 rius
91 564 172 616 infide,
188 576 240 617 quae
255 563 313 604 vohis
329 568 360 604 est
376 565 426 617 dala,
443 563 556 618 ³qaceqce
572 571 603 607 est
617 572 684 607 mater
700 570 791 609 amatam

33 634 156 684 lirosa-am,
172 635 309 687 subsequente
325 646 373 687 spe,
393 635 528 688 praecedente
545 636 639 675 charitate
654 636 675 676 in
690 637 754 677 Deum
770 641 790 677 et

32 706 52 746 in
68 704 166 745 Christum
187 708 207 744 et
221 704 242 744 iu
257 705 375 757 proximum.
406 704 427 745 Si
447 705 491 757 quis
512 704 564 744 enirn
584 706 634 744 intra
654 704 704 745 hacc
724 706 791 758 fuerit,

33 773 161 815 ⁵mandatum
174 774 264 828 justitiae
280 774 380 827 impleuit;
400 786 446 814 nam
462 773 495 827 qui
511 773 626 815 charitatem
641 774 791 829 hahenlonge
819 819 822 820 ⁷

32 849 62 886 est
78 844 102 885 ah
119 845 173 885 omni
187 848 278 898 peccato.

29 972 60 1013 IV.
76 972 187 1025 rapiamus
199 973 312 1013 avaritiam
316 985 325 1021 ,·
335 972 447 1013 doceamus
458 985 497 1014 nos
509 974 574 1025 ipsos,
586 985 666 1015 ancones
677 978 698 1014 ct
706 973 789 1015 viduos.
832 982 834 986 ·

89 1052 238 1106 ⁶Pra'nca'pa'am
259 1059 327 1100 cartem
347 1056 438 1096 ananiam
458 1055 561 1096 maloram
578 1044 609 1095 est
623 1055 713 1096 habendi
728 1055 788 1107 capi-

30 1126 91 1166 ditas.
117 1124 207 1166 scientes
224 1137 282 1179 ergo,
298 1125 352 1179 quod
369 1122 438 1165 ⁷nihtt
453 1127 562 1166 intedimus
577 1126 599 1165 la
614 1127 670 1166 hanc
681 1126 787 1176 maiacum,

29 1197 67 1237 secl
82 1207 120 1235 nec
136 1196 221 1248 auferre
237 1196 287 1247 qaid
302 1197 408 1246 calemus,
431 1192 550 1236 8armemur
566 1196 625 1236 armis
644 1196 744 1249 Justitiae,
768 1200 789 1236 et

29 1263 156 1306 ⁹doceamns
177 1265 261 1318 primum
281 1276 319 1305 nos
339 1266 407 1317 ipsos,
430 1265 531 1305 ambulare
552 1266 572 1305 in
592 1266 684 1306 mandato
701 1265 787 1317 Domini,

29 1335 101 1386 deinde
122 1338 142 1373 ct
163 1339 241 1374 vestras
263 1345 350 1384 uxores,
373 1334 475 1375 ambulare
490 1335 510 1373 in
526 1333 565 1374 fide
580 1334 629 1387 ipsis
645 1334 716 1374 tradita
732 1339 752 1374 et
767 1335 787 1375 in

28 1405 123 1446 charitate
140 1407 159 1443 et
175 1404 277 1456 castitate,
299 1407 388 1443 amantes
404 1404 459 1444 viros
475 1414 523 1444 suos
539 1404 560 1444 in
576 1404 629 1443 omrai
646 1404 742 1454 veritate,
764 1416 788 1444 ac

29 1476 134 1530 diligentes
151 1475 234 1516 cunctos
250 1475 371 1529 aequaliter,
387 1475 407 1515 in
424 1475 478 1516 omni
493 1474 626 1524 continentia,
643 1477 663 1513 et
680 1470 697 1496 ¹⁰
706 1474 787 1515 erudire

27 1547 78 1587 fiilos
98 1546 119 1585 in
141 1544 244 1598 disciplina
265 1546 342 1586 timoris
362 1546 411 1596 Dei;
434 1545 504 1586 viduas
525 1557 575 1585 vero
597 1544 718 1596 doceamus,
740 1557 787 1586 esse

26 1614 135 1669 prudentes
149 1614 201 1655 circa
212 1612 271 1655 fidem
282 1614 368 1667 Domini,
384 1615 534 1669 interpellantes
552 1613 568 1638 ¹¹
577 1614 621 1654 sine
637 1614 787 1655 intermissione

25 1697 62 1739 pro
80 1684 177 1735 omnihus,
193 1683 255 1737 longe
271 1684 390 1725 recedentes
406 1685 429 1725 ah
447 1684 500 1726 omni
513 1683 617 1735 calumnia,
635 1683 785 1735 detrectatione,

25 1755 76 1797 falso
97 1755 223 1807 testimonio,
245 1754 327 1796 avaritia
348 1759 368 1795 et
389 1754 442 1795 omni
462 1754 525 1805 malo;
546 1758 710 1808 cognoscentes,
732 1752 785 1805 quod

28 1824 114 1867 ¹²attare
125 1825 163 1866 Dei
173 1825 219 1876 sint,
236 1829 255 1865 et
271 1824 324 1878 quod
341 1824 375 1866 ille
391 1826 457 1866 omnia
476 1823 553 1866 ¹³clare
565 1825 680 1879 perspiciat,
695 1824 785 1878 nihilque

25 1908 71 1936 eum
86 1896 152 1947 lateat,
169 1907 207 1935 nec
222 1895 383 1947 ratiociniorum,
399 1907 438 1937 nec
454 1895 607 1950 cogitationum,
622 1907 661 1936 nec
678 1894 785 1948 quidquam

26 1966 150 2008 occultorum
166 1965 239 2007 cordis.

119 2094 143 2136 V.
174 2093 251 2149 Officio
266 2095 409 2146 diaconorum,
423 2096 526 2148 jamnum
542 2098 563 2134 ct
576 2093 687 2147 alapiona.

84 2177 175 2220 Scientes
191 2189 247 2232 ergo,
264 2176 318 2230 qnod
337 2174 417 2218 ¹4Dcas
431 2189 474 2219 aron
488 2177 597 2227 irridetur,
615 2176 710 2217 dehemus
725 2176 786 2231 digne

47 2280 67 2324 8)
81 2279 114 2315 cta.
127 2278 191 2325 Ephes.
205 2280 220 2323 6,
236 2280 263 2314 11.
415 2280 546 2316 constitutiones
567 2278 688 2324 Apostolorum
708 2278 745 2313 Lib.
764 2278 784 2313 ll.

47 2338 66 2383 9]
88 2338 153 2372 Similia
176 2339 257 2384 leguntur
281 2340 298 2373 in
318 2338 395 2384 Epistola
414 2351 429 2375 c.
443 2339 470 2372 26.
483 2339 528 2372 hanc
539 2339 682 2383 comparationem
695 2339 785 2373 viduarum

24 2394 97 2431 IClem.
111 2397 159 2431 Rom.
173 2398 194 2431 ad
205 2395 279 2432 Corinth.
293 2409 342 2442 capp.
356 2398 365 2431 ·1
380 2404 396 2431 et
414 2409 452 2432 cnm
469 2397 548 2431 altaribus
564 2396 682 2440 aPolycarpo
699 2401 784 2429 mutuatae

24 2453 52 2488 21.
72 2454 106 2489 sir.
115 2455 239 2501 Prolegomena
250 2462 307 2490 nostra
320 2457 341 2490 ad
349 2456 395 2502 Epi·
414 2468 452 2491 esse
465 2456 549 2491 uidentur.

24 2514 75 2547 stolas
89 2514 105 2548 S.
119 2509 211 2548 Clementis
223 2527 239 2559 p.
252 2515 302 2549 XXV.
426 2515 456 2557 13)
469 2515 495 2548 Ita
511 2514 617 2548 Jacobsonus
636 2524 657 2547 ex
674 2513 713 2546 cod.
730 2511 783 2547 Vatic.

36 2572 65 2615 10)
79 2572 107 2607 Sc.
121 2570 212 2613 διδάξωμεν
223 2570 293 2611 deurode.
414 2573 447 2606 Alii
459 2569 504 2614 ἡμῶν
516 2575 604 2604 anomalam.
629 2570 663 2604 Cfr.
675 2570 683 2603 I
695 2570 748 2604 Clem.
762 2570 784 2604 ad

37 2629 67 2676 11]
81 2631 115 2666 Ch.
128 2631 136 2665 Ι
148 2631 206 2667 Thess.
220 2632 237 2675 5,
251 2632 278 2666 17.
414 2631 452 2666 Cor,
466 2642 481 2665 c.
495 2631 523 2665 41,

37 2687 66 2732 12)
80 2690 104 2723 lta
116 2689 223 2724 Jacobsonus
240 2690 326 2725 extribus
340 2690 393 2727 Codd.
425 2690 455 2732 14)
468 2688 503 2723 Gal.
517 2688 533 2732 6,
547 2689 563 2723 7.

24 2751 41 2780 et
58 2753 94 2783 vet.
112 2748 211 2794 interprete,
236 2748 269 2784 Alii
286 2748 394 2794 θυσιαστήρια.
