1789 2987
146 173 189 216 456

343 167 413 204 INDEX
425 167 502 204 RERUM
514 167 543 202 ΕΤ
555 167 712 203 t’eflsottntttttt.

194 276 221 310 vt.
242 275 348 310 Ecclesia
370 276 443 309 omnium
462 267 680 319 primalEphesiornm
698 274 772 308 ecclesia
791 274 892 308 celeberrim

170 341 227 370 creata
240 340 272 377 est,
286 340 303 368 et
311 340 381 379 propter
390 333 435 367 illam
445 334 516 366 mundus

169 393 224 426 iactus
242 398 268 426 est
287 393 326 426 329.
353 391 433 425 Ecclesia
449 402 517 435 semper

170 451 241 495 (adbuc)
255 450 354 484 aedificatur
364 449 402 483 338.
421 448 515 483 Ecclesiam

559 331 597 365 158.
616 331 655 366 162,
679 332 754 378 Ignatius
772 333 892 376 meminitepi

545 390 612 424 ¹stolae
633 400 642 422 a
663 389 680 422 S.
702 390 755 424 Panto
776 392 797 424 ad
818 390 894 435 Ephesio

558 449 631 492 scriptae
645 448 684 482 162.
699 448 738 482 163.
752 454 788 482 not.
801 449 829 483 to.

168 509 216 543 Dens
236 510 311 542 condidit
331 514 348 541 et
367 507 455 540 benedixit
475 507 515 541 325.
534 506 644 550 Episcopi
662 512 678 539 et
692 506 764 540 Diacoui
782 507 802 540 ab
817 506 894 550 Apostoli

168 567 241 611 Propter
258 566 350 599 ecclesiam
365 565 412 599 Deus
430 570 515 598 creaturas

168 625 288 670 multiplicavit
297 622 336 656 323.
355 622 433 656 Fundata
445 628 470 656 est
479 622 515 656 Ec-

168 683 221 717 clesia
233 682 286 715 verbo
300 681 421 725 omnipotentis
433 687 450 714 et
458 680 514 714 hono-

167 741 210 775 rifici
223 741 302 782 nominis,
316 741 413 773 continetur
425 745 480 773 autem
494 738 514 773 ab

168 799 246 833 invisibili
256 800 318 832 virtute
328 798 360 832 Dei
373 798 414 832 333.
437 797 515 831 Ecclesia

168 858 210 890 turri
224 857 325 890 assimilatur
341 867 392 900 super
404 867 457 901 aquas
470 866 514 890 con-

167 920 243 961 structae
261 914 301 947 332.
320 914 354 947 333
371 925 407 959 sqq.
436 914 515 947 Ecclesia

167 971 269 1006 assimilat-ur
282 972 333 1012 turri,
354 982 399 1015 quae
415 972 516 1005 aedificatur

168 1041 220 1075 super
239 1035 305 1074 portam
324 1029 364 1062 411.
389 1029 422 1062 Per
438 1029 515 1073 Angelos

168 1093 295 1122 consummatur
307 1092 390 1120 structura
403 1087 453 1129 hujus
465 1088 515 1120 turris

168 1147 208 1180 333.
240 1145 327 1188 Virtutes,
353 1145 413 1190 quibus
437 1144 514 1179 Ecclesia

167 1205 237 1238 fulcitur
243 1204 283 1237 337.
290 1204 330 1237 423.
340 1204 461 1237 Aedificandae
469 1203 515 1235 mili-

167 1262 217 1295 tantis
242 1267 259 1295 et
283 1262 401 1305 triumphantis
420 1259 514 1293 'Ecclesiae

167 1321 248 1363 mysteria
269 1320 341 1353 maxima
362 1319 403 1354 108.
430 1317 513 1361 Ecclesia,

167 1381 213 1423 prins
232 1378 304 1420 sterilis,
324 1379 417 1412 vocatione
439 1379 514 1422 gentium

167 1437 210 1469 mire
223 1436 308 1469 foecunda
323 1436 362 1469 136.
388 1435 412 1468 lbi
431 1436 514 1470 catholica

168 1492 246 1527 Ecclesia
255 1498 287 1535 est,
296 1492 326 1527 ubi
333 1493 384 1527 inerit
391 1492 467 1527 Christus
473 1494 513 1528 228.

166 1551 245 1585 Ecclesia
264 1552 338 1585 firmatur
355 1553 372 1584 in
392 1553 484 1586 stabilitate
504 1563 513 1586 a

167 1609 182 1643 J.
197 1609 263 1643 Christo
277 1621 308 1654 per
320 1616 396 1643 sanctum
410 1621 459 1643 suurn
472 1610 513 1655 Spi-

166 1669 217 1702 ritum
230 1669 270 1703 210.
297 1668 337 1702 Sine
350 1668 448 1713 Episcopo,
460 1669 513 1704 Pres-

166 1726 231 1770 byteris
250 1732 267 1760 et
285 1727 365 1761 Diaconis
382 1727 461 1761 Ecclesia
479 1740 513 1762 non

167 1790 239 1819 vocatur
252 1784 291 1819 188.
315 1784 333 1819 In
347 1784 425 1819 Ecclesia
442 1786 513 1831 quisque

166 1846 243 1888 proximo
257 1854 288 1876 sno
300 1844 406 1886 subjiciatur,
419 1844 512 1877 secundum

166 1901 309 1946 deumgratiae,
318 1912 369 1947 quatu
378 1900 432 1935 aDeo
442 1902 513 1936 obtinuit

166 1959 207 1993 104,

142 2017 273 2052 Electorum
291 2017 325 2052 Dei
342 2028 432 2053 numerum
450 2018 512 2053 salvari

165 2076 226 2110 fideles
237 2083 299 2121 rogant
311 2077 339 2111 54.
360 2076 459 2111 Electorum
472 2088 512 2111 mo·

166 2136 239 2178 dercilo,
252 2135 337 2169 humilitas
350 2142 383 2169 etc.
397 2134 425 2168 94.
444 2135 511 2169 Electio

163 2191 247 2234 justorum
256 2193 296 2226 325.
315 2192 372 2228 Electi
381 2193 414 2228 Dei
422 2194 462 2228 120.
472 2194 511 2227 256.

165 2251 206 2285 291.
225 2250 282 2284 Electi
290 2252 335 2286 beati
343 2254 462 2297 praedicantur
471 2252 511 2288 122.

166 2308 199 2343 Cir.
214 2311 356 2344 Proedertinatio
371 2317 388 2344 et
400 2314 475 2346 vocatio.

141 2367 288 2411 Eleemosyna
318 2369 447 2402 commendatur
471 2370 510 2403 339.

165 2427 205 2460 347.
219 2427 258 2461 362.
273 2426 313 2460 3ῖ9,
329 2426 370 2460 tao.
396 2426 511 2470 Eleemosyna

166 2484 286 2531 conjungenda
299 2491 326 2519 est
339 2496 376 2519 cum
391 2484 458 2528 jejunio
471 2485 511 2520 384.

166 2543 262 2577 Satisiactio
280 2554 312 2588 per
330 2544 458 2587 eleemosynam
472 2543 511 2578 379.

141 2600 228 2635 Enochi
241 2601 340 2636 obedientia
353 2601 381 2636 66.

141 2659 245 2704 Ephebns
263 2659 344 2694 Claudius
361 2659 473 2696 aClernente
490 2660 511 2695 ad

165 2717 261 2752 Corinthios
276 2718 387 2755 missus132.

558 564 631 598 ordinati
649 571 687 598 sunt
707 564 746 598 110.
766 564 851 609 ,Episcopi
870 564 892 597 eli

557 628 628 666 guntur,
647 624 766 658 consentiente
780 625 859 658 universa
872 633 892 656 ec

558 680 611 715 clesia
624 680 663 714 114.
682 681 708 714 De
718 683 827 725 episcopatus
835 681 892 714 nomin

557 740 685 773 contentionem
694 739 797 773 oborituram
807 749 845 772 esse
854 739 891 781 Apo

557 797 596 832 stoli
600 804 762 843 praecognoverant
768 799 774 830 1
780 798 806 831 12.
814 797 892 831 Successi

558 857 677 900 episcoporum
690 856 711 890 ab
720 856 806 901 Apostolis
816 857 894 889 ordinato

557 916 601 950 ibid.
624 913 707 959 Episcopi
720 915 769 958 probi
782 914 845 958 injuste
858 913 891 956 deji

558 973 623 1005 ciuntur
637 972 676 1004 114.
701 972 796 1016 Episcopus
809 977 833 1005 est
847 974 892 1017 imag

558 1030 644 1063 ecclesiae
656 1041 704 1072 suae,
718 1030 805 1073 exemplar
818 1030 894 1063 charitati

557 1086 599 1130 ejus,
612 1089 629 1120 in
642 1098 675 1133 qno
689 1089 744 1121 omnis
757 1088 845 1121 multitudo
859 1098 890 1121 con

557 1147 627 1190 spicitur
637 1146 670 1181 152
677 1147 709 1180 bis.
719 1146 806 1180 172176.
817 1145 894 1180 18318

556 1203 648 1248 Episcopi,
666 1215 698 1247 per
713 1210 776 1238 tractus
789 1210 846 1237 terrae
859 1215 891 1238 con

556 1264 616 1303 stituti,
626 1263 641 1294 in
651 1263 735 1295 sententia
744 1260 804 1295 Christi
812 1268 850 1295 sunt
860 1263 893 1294 154

554 1319 603 1364 juxta
612 1323 714 1354 sententiani
724 1318 784 1353 Christi
794 1319 894 1365 designantu

556 1379 601 1420 21ος
623 1377 705 1412 charitate
725 1378 780 1412 Patris
803 1384 820 1412 et
841 1377 895 1412 Chris

557 1437 634 1470 obtinent
652 1437 761 1469 ministerium
782 1438 824 1471 ibifl-
850 1436 890 1469 Pres

556 1495 642 1539 hyterium
659 1493 745 1539 Episcopo
764 1494 786 1527 ita
800 1499 891 1538 coaptatur

556 1565 594 1586 esse
602 1553 659 1596 debet,
669 1559 687 1585 ut
694 1553 768 1587 chordae
776 1553 851 1585 citharae
860 1552 894 1586 151

555 1611 623 1645 Fideles
637 1612 719 1655 episcopo
733 1609 819 1653 conjuncti
831 1611 870 1653 sint,
884 1621 894 1643 u

556 1670 628 1704 ecclesia
643 1668 709 1703 Christo
725 1668 765 1702 155.
789 1667 870 1714 Episcopi
884 1680 894 1702 e

556 1728 639 1761 ecclesiae
652 1738 712 1772 preces
721 1727 778 1760 unitae
787 1731 825 1759 sunt
834 1726 889 1760 valida

554 1788 595 1821 ibid.
620 1785 726 1830 Episcopum
741 1790 827 1818 tacentem
842 1795 892 1818 omne

555 1850 667 1878 revereantur
683 1845 724 1879 ibid.
750 1843 853 1887 Episcopum
870 1854 889 1875 re

554 1904 622 1946 spicere
632 1902 715 1935 debemus
722 1902 802 1946 utipsnm
811 1901 883 1935 [lomina
894 1916 895 1931 i

556 1961 594 1995 156.
604 1959 643 1994 188.
660 1959 747 2005 Episcopo
760 1959 833 2003 subjecti
842 1960 893 1994 simus

556 2024 573 2052 ut
591 2019 623 2051 Dei
643 2023 736 2063 praecepto
757 2018 802 2060 1313
822 2023 841 2051 ut
860 2018 889 2052 les

555 2076 621 2111 Christo
635 2077 674 2111 tao.
697 2076 775 2120 Subjecti
788 2082 843 2110 estote
856 2077 888 2121 Epi

554 2147 607 2180 scopo
615 2135 687 2169 etvohis
694 2141 751 2169 mutuo
762 2134 800 2168 182.
813 2134 895 2179 Episcopi

554 2194 683 2238 obtemperare,
696 2199 715 2228 ut
728 2192 803 2227 Christus
815 2192 869 2237 Patri,
883 2205 892 2227 e

554 2250 663 2296 Presbyterio
675 2258 693 2286 ut
701 2251 799 2297 Apostolis3
814 2251 895 2287 Diacono

554 2315 610 2344 autem
622 2311 736 2344 revereamini
751 2317 769 2345 ut
783 2310 814 2344 Dei
827 2311 888 2344 manda

553 2375 589 2402 turn
601 2369 641 2401 228.
661 2368 721 2402 Cun'cti
733 2375 846 2403 revereantur
855 2369 887 2414 Epi

553 2438 623 2471 scopum
631 2433 650 2459 ut
658 2426 715 2460 lesum
724 2427 814 2471 Christum,
823 2428 888 2471 l'resby

553 2490 599 2518 teros
612 2490 630 2517 ut
643 2490 720 2519 senatum
732 2485 765 2520 Dei
780 2492 797 2519 et
809 2487 895 2520 conctttn.

553 2533 880 2586 Apostolorumtttaconosornandam

554 2599 615 2635 Christi
623 2600 656 2636 186
663 2612 688 2646 sq.
702 2601 735 2644 Qui
744 2602 816 2638 honorat
823 2601 885 2647 Episco

553 2671 604 2705 pum,
622 2671 631 2694 a
648 2660 686 2694 Deo
704 2661 796 2695 honoratus
813 2666 839 2695 est
856 2661 891 2695 228

553 2717 640 2763 Obediatis
652 2718 738 2764 Episcopo
757 2724 774 2753 et
790 2718 893 2764 presbyteri·
