1789 2987
88 191 131 233 384
233 187 325 223 HERMAE
338 186 428 222 PASTOR.
453 187 519 223 LIBER
531 187 559 222 Ill.
584 187 668 222 suurn.
681 189 701 222 V.

88 309 202 350 „exponam
217 297 258 349 nui,
275 309 414 350 quaecumque
430 296 581 359 locuiuspfuero
597 301 670 348 tecum,
686 300 720 336 aut
736 294 846 336 ostendero

87 368 128 407 nni.
158 366 251 409 orandam
266 366 346 408 Domini
362 366 483 419 custodiet
499 369 539 408 eris
555 368 661 421 probatus,
681 371 700 407 ei
716 366 811 407 scriberis
827 367 847 406 in

87 449 171 478 numeru
189 449 265 488 eorum,
283 438 315 490 qui
332 437 446 479 custodiunt
462 437 553 478 mandata
569 438 619 491 ejus.
651 435 672 478 Si
685 442 751 478 autem
766 439 847 491 praeder

88 519 123 558 ea,
140 519 192 560 quae
208 507 308 548 mandavit
324 508 432 558 Dominus,
451 506 542 560 ¹aliquid
558 508 606 548 boni
622 506 732 560 adjeceris,
751 508 847 561 majorem

88 577 203 631 dignitatem
225 578 260 618 iibi
282 577 401 631 conquires,
424 582 444 618 et
465 578 584 618 honoralior
604 576 656 631 apud
673 577 778 618 Dominum
800 576 846 628 eris,

87 660 145 700 quam
167 659 212 688 eras
225 648 316 693 miurus.
347 647 410 700 Igitur
431 647 448 687 si
470 647 591 688 custodieris
607 646 698 688 mandata
714 646 805 698 Domini,
828 651 848 686 et

87 717 186 771 adjeceris
203 718 302 759 etiamad
318 717 454 759 castationcs
471 717 517 769 has,
534 716 631 771 gaudebis
637 731 644 768 5
663 715 760 769 maxime,
777 717 794 757 si
810 727 847 758 se-

88 787 174 829 cundum
190 788 303 830 mandarum
319 801 385 829 meum
405 787 520 829 servaveris
541 787 584 829 eu.“
616 788 666 829 Dico
685 788 714 828 ei:
738 787 847 841 ,quidquid

88 858 136 916 mihi
148 859 284 912 praeceperis,
296 859 382 911 domiue,
394 858 492 907 servabo3
503 858 546 899 scio
558 858 610 898 enim
621 862 640 898 ie
651 870 728 899 mecum
739 856 846 898 fuiur'um.“

89 927 164 980 ,,Ει·ο,α
181 917 250 981 inquit,
268 933 353 981 „tecum
370 928 404 981 qui
419 927 459 968 tale
475 929 600 982 propositum
615 929 684 970 habes.
713 928 752 970 Sed
768 931 788 968 ei
803 940 847 968 cum

87 999 180 1039 omuibus
197 1011 239 1052 cro,
256 1000 376 1052 quicumque
392 998 444 1038 idem
460 999 584 1051 propositum
604 998 716 1038 habuerint.
747 998 847 1052 Jejunium

86 1068 133 1119 hoc,
149 1069 222 1122 inquii,
239 1069 343 1110 custoditis
359 1067 456 1109 mandans
473 1068 563 1120 Domini,
582 1067 641 1108 valde
656 1067 731 1108 honum
747 1071 782 1108 est.
815 1066 847 1108 Sic

87 1139 148 1193 igilur
164 1140 255 1180 servabis
270 1139 324 1181 iliud.

116 1208 234 1266 ²Hpuicou¹
253 1201 340 1251 πάντων
365 1202 459 1267 φύλαξαι
477 1206 577 1250 ²Primum
592 1209 679 1251 omnium
693 1221 743 1250 caue
757 1209 781 1249 ab
794 1207 847 1249 omni

86 1275 192 1334 specuium
207 1274 254 1322 circd
268 1274 350 1327 ταυτας
365 1277 459 1337 ῥήματος
476 1280 552 1333 probro
574 1284 593 1320 et
613 1280 665 1334 turpi
685 1280 760 1332 uerbo,
783 1282 802 1318 et
823 1279 847 1319 ab

87 1349 181 1406 πονηροῦ
204 1348 241 1391 καί
263 1347 326 1407 ἀκοῆς
350 1344 458 1406 πονηρᾶς·
477 1351 530 1391 omni
546 1350 607 1391 noxia
623 1350 737 1403 cupiditate,
753 1353 773 1389 ei
788 1349 847 1402 puri-

87 1417 123 1460 καί
138 1413 259 1475 καθάρισον
274 1432 314 1463 σου
324 1415 361 1476 τήν
372 1416 459 1477 καρδίαν
477 1421 514 1461 fica
527 1433 609 1462 sensum
622 1425 676 1461 tuum
687 1420 711 1460 ab
723 1420 776 1461 omni
787 1419 847 1459 vani-

88 1482 135 1530 cimd
145 1486 225 1538 παντός
235 1489 353 1545 μολυσμοῦ,
364 1488 399 1532 ταί
410 1504 459 1547 prq-
477 1495 516 1546 inte
525 1491 588 1532 seculi
597 1491 662 1545 liujus.
683 1490 703 1532 Si
714 1490 764 1530 haec
775 1492 846 1530 custo-

88 1555 188 1610 σιτακίας,
204 1557 237 1602 καί
254 1557 420 1618 αἰσχροκερδίας.
477 1562 544 1614 diesis,
561 1561 599 1602 erit
611 1561 651 1602 hoc
658 1561 757 1616 jejunium
766 1560 846 1614 Jusium.

477 1633 509 1675 Sic
526 1644 576 1686 ergo
593 1631 661 1672 iacies.
684 1632 777 1682 Peractis
795 1641 847 1682 quae

115 1697 161 1740 Καί
177 1697 198 1742 έν
213 1693 294 1758 ἡμέρᾳ,
314 1692 328 1757 ᾖ
347 1698 458 1756 νηστείαις,
476 1702 623 1757 suprascripta
637 1705 689 1754 suni,
705 1701 738 1741 illo
752 1700 791 1753 die,
808 1712 847 1753 quo

85 1764 205 1828 dpudodqrc
221 1768 294 1828 3ἄρτῳ
309 1768 345 1813 ταὶ
358 1767 459 1824 λαχάνοις
473 1772 582 1828 jejunabis,
598 1772 646 1813 nihii
661 1770 758 1813 3οισοῑοο
773 1774 846 1825 gusta-

85 1837 121 1881 καὶ
131 1835 199 1890 ddum,
214 1835 344 1897 εὐχαριστῶν
356 1840 387 1895 τῷ
399 1841 458 1895 Θεῷ·
476 1844 513 1895 bis,
530 1843 568 1884 nisi
584 1854 656 1895 panem
672 1847 692 1883 et
707 1854 790 1895 aquam;
807 1840 847 1882 ⁴ei

85 1907 249 1967 4συμψιχρυίσας
263 1907 288 1952 dd
297 1906 335 1967 τήν
347 1903 459 1967 τσσότιμα
476 1916 588 1966 computata
604 1913 712 1966 quantitate
725 1913 769 1965 cibi,
787 1925 846 1966 quem

84 1979 122 2036 τῆς
137 1974 235 2038 δαπανιχς
249 1984 290 2023 τοῦ
311 1975 409 2039 ολρίστου,
431 1974 459 2023 οὗ
476 1984 549 2024 ceteris
565 1982 635 2023 diebus
651 1987 776 2024 comesturus
794 1996 846 2035 eras,

85 2046 171 2104 ἔμελλές
196 2047 277 2093 ἐσθίειν
306 2046 353 2093 κατ’
381 2049 459 2107 ἐκείνην
476 2058 574 2107 sumptum
587 2052 693 2106 diei‘nnus,
708 2065 766 2106 quem
778 2053 846 2094 facin-

84 2118 120 2176 τήν
131 2113 216 2177 ἡμέραν,
228 2119 266 2170 [λος
276 2120 332 2181 χήρᾳ
342 2116 357 2179 ἢ
369 2116 457 2181 ὀρφοίνῳ
475 2134 509 2163 rus
527 2135 578 2175 eras,
594 2135 689 2177 repones,
706 2128 726 2164 et
741 2124 797 2165 dabis
811 2125 845 2165 vi-

85 2182 99 2245 ij
115 2187 254 2247 στερουμένῳ,
270 2189 327 2249 προς
342 2190 365 2234 dv
380 2191 407 2249 dp
420 2206 458 2235 ou-
476 2193 537 2245 duae,
553 2194 629 2247 pupillo
646 2199 679 2234 aut
694 2194 749 2247 inopi
754 2209 760 2246 ς
782 2198 802 2234 ei
817 2196 846 2235 sic

85 2258 134 2318 φιῦς
150 2254 259 2316 ἐμπλήσας
274 2258 311 2316 τήν
324 2259 403 2305 ἑαυτοῦ
414 2270 460 2320 spu·
475 2264 622 2304 consummabis
631 2264 760 2305 humilitatem
768 2264 845 2312 animae

108 2353 126 2395 1)
139 2351 219 2386 Hermam
238 2363 291 2398 opera
307 2356 456 2400 supererogatoria
474 2357 511 2399 dor,
521 2354 640 2389 nirchnesch.
651 2356 691 2390 edit.
700 2356 720 2390 ΙΙ,
733 2356 751 2391 Τ.
758 2356 770 2391 l.
778 2367 796 2401 p.
805 2356 845 2390 479.

86 2412 149 2446 docere
167 2413 310 2458 annutantlm'p,
329 2412 339 2446 l.
353 2423 368 2445 c.
381 2424 398 2458 p.
412 2414 455 2456 1733
498 2413 517 2457 3]
530 2413 590 2446 Pastor
606 2415 679 2447 maxime
693 2420 778 2449 austerum
791 2426 844 2460 genus

86 2469 199 2514 Μολοσσίαν,
221 2471 281 2504 Lehrh.
304 2471 320 2504 d.
341 2470 383 2504 Du.
405 2471 423 2503 T.
442 2472 455 2505 Ι.
474 2470 600 2516 ΧαναμΙισρίαο
613 2474 701 2518 praecipu.
721 2474 784 2508 Cornu.

84 2539 102 2573 p.
111 2528 155 2570 4753
169 2530 249 2573 ejusdem
257 2529 324 2563 Handb.
334 2530 350 2563 d.
358 2529 400 2564 D.G.
409 2529 429 2564 T.
435 2529 455 2564 ΙΙ,
497 2529 516 2571 d)
530 2528 578 2562 Hunc
590 2529 646 2564 locum
659 2533 730 2577 respicii
738 2535 843 2577 Antiochus,

85 2597 102 2631 p.
116 2586 149 2620 256
163 2592 181 2620 ei
193 2588 307 2631 Jaenmami,
320 2587 331 2620 l.
346 2599 359 2621 c.
372 2600 389 2633 p.
403 2588 431 2623 82.
474 2586 526 2621 homil
539 2588 554 2620 7.
580 2589 625 2623 Nihil
640 2589 746 2636 frequentius
759 2591 845 2626 inculcant

109 2644 128 2686 2)
141 2645 168 2679 Ex
184 2648 245 2681 Doctr.
264 2647 286 2679 ud
302 2648 381 2682 Antioch.
398 2659 414 2681 n.
428 2647 455 2682 16,
473 2648 528 2681 sancti
540 2653 604 2692 patres,
619 2652 669 2693 quam
681 2649 787 2694 praeclaram
800 2650 844 2684 huuc

85 2694 103 2748 p,
116 2703 156 2737 261λ
173 2703 272 2737 Doctrinam
283 2703 357 2738 Hermae
370 2706 391 2739 de
403 2706 454 2749 spiri·
471 2704 532 2748 jejunii
548 2717 586 2740 cum
602 2707 712 2753 eleemosyna
726 2709 842 2743 consociatio-

85 2761 126 2795 tuaii
141 2761 207 2806 jejunio
223 2762 302 2798 laudibus
315 2763 453 2800 extollithau-
473 2775 518 2798 nem.
539 2766 602 2800 dorm.
643 2810 645 2813 .
