1789 2987
82 165 140 201 Lunx
263 173 268 175 ·
372 160 543 197 Puotuuotucnn.
722 162 837 209 [EPISTULA
866 195 868 197 ,

139 273 170 313 iv.
200 271 242 311 Jain
259 269 284 310 de
304 270 424 323 intepidum
446 269 557 311 dicenduin.
588 269 689 322 balticus,
712 284 755 311 cuin
776 275 836 313 totam

81 343 182 396 epistotam
197 342 284 394 rejicere
300 352 322 381 se
338 352 399 394 posse
422 350 461 379 non
483 344 586 393 speraret,
608 340 693 380 uttiniain
717 344 772 380 certe
792 342 836 395 ejus

79 418 154 464 partein
170 410 280 463 Polycarpo
297 411 420 464 suppositam
440 408 554 460 contendit,
577 410 731 449 assentientibus
747 410 835 463 bloynio,

78 479 178 520 Bunsenio
193 479 211 533 ¹)
227 484 246 520 ct
262 480 310 521 aliis.
342 480 381 521 Sed

132 549 159 603 a)
180 549 223 590 Jani
244 550 342 590 Eusebius
364 547 425 602 (nisi.
443 549 492 588 eccl.
508 548 543 596 iu,
561 546 608 603 36.)
631 540 763 603 posteriorem
784 549 835 590 bano

77 619 173 672 epistotae
185 624 259 672 partein
272 621 323 668 citat,
341 624 400 671 atque
411 631 437 658 cx
448 631 470 657 ea
483 616 512 670 [e.
527 616 573 672 13),
590 623 610 658 nt
625 632 651 658 ex
661 619 835 672 praecedentibus,

77 689 173 743 qnacdain
190 690 292 743 Potpcaipi
308 691 369 729 verba
387 689 522 739 transscripsit
534 686 562 741 ²).

136 758 161 814 b)
178 759 288 810 Eusebius,
304 765 325 799 ut
342 761 392 799 bene
409 759 529 799 Pcarsonius
546 757 604 798 docet
616 754 649 812 ³),
669 770 706 798 nco
723 758 775 809 fun,
797 773 835 801 nec

76 829 146 868 settene
161 832 230 881 potuit.
262 830 307 869 Erat
324 831 375 869 enini
392 833 431 869 tota
449 829 531 881 epistola
553 828 644 868 oinnibus
666 830 768 880 exposita;
791 834 834 869 erat

75 898 94 938 in
117 900 208 939 ecclesiis
230 901 323 939 Asiaticis
345 905 391 939 tuno
412 899 518 950 temporis,
542 911 586 938 cuin
609 898 706 937 scriberet
728 898 833 950 Eusebius,

75 970 154 1020 publice
171 970 234 1019 iecte;
250 974 308 1010 norat
324 983 366 1009 eain
384 970 527 1021 HieronynniS,
547 969 603 1021 cnjus
619 969 720 1020 versioni,
735 969 773 1008 nisi
790 969 832 1010 aliis

75 1045 195 1092 occupatus,
212 1041 345 1090 incubuisset,
363 1044 382 1078 et
397 1043 461 1079 tainen
478 1037 590 1078 Eusebiann
610 1050 709 1090 nunqnain
725 1040 832 1079 recusavit.

74 1109 104 1148 De
120 1110 152 1149 itta
168 1111 229 1162 icitur
244 1110 347 1162 perticata,
365 1122 422 1162 quein
440 1109 546 1160 exscripsit
561 1107 670 1159 Eusebius,
691 1108 775 1148 dubitari
791 1120 832 1149 non

73 1184 148 1232 potest,
169 1181 206 1220 nisi
228 1181 285 1220 etiarn
306 1179 331 1219 de
353 1183 392 1220 tota
414 1179 497 1233 epistota
518 1179 576 1221 siniut
598 1179 674 1233 absque
695 1179 734 1221 utta
754 1180 832 1221 ratione

72 1249 190 1291 dubiteinus.
584 1234 587 1242 v

131 1321 186 1368 Quae
198 1321 292 1361 Dattaeus
308 1334 335 1361 ex
351 1320 434 1372 epistota
451 1320 493 1373 ipsa
510 1326 579 1361 contra
598 1321 730 1375 integritatem
747 1321 830 1376 proicit,

71 1391 144 1431 nullius
161 1393 254 1431 inonienti
271 1404 324 1441 esse,
342 1391 398 1431 tacite
415 1392 531 1443 perspicies.

131 1459 154 1514 a)
171 1462 334 1501 Decentissiinain
346 1462 441 1513 epistotae
453 1461 560 1502 ctausntain
573 1474 590 1502 c.
604 1460 629 1502 12
645 1463 736 1514 inveniri,
752 1463 830 1517 reliqua

70 1532 131 1584 igitur
147 1536 217 1584 postea
233 1532 310 1585 adjecta
328 1544 380 1583 esse,
397 1532 498 1571 contendit
515 1533 545 1571 vir
562 1532 648 1572 criticus.
679 1534 719 1574 Sed
736 1534 828 1575 clausulis

70 1602 168 1653 ejnsinodi
181 1608 227 1641 onte
239 1602 297 1642 sinein
310 1603 370 1642 totius
384 1601 481 1654 epistotae
492 1602 510 1641 S.
522 1601 592 1641 Paulus
609 1614 690 1654 quoqne
705 1609 724 1643 et
736 1603 828 1644 Cicinens

68 1671 169 1712 Romanus
190 1673 220 1712 usi
241 1677 299 1721 sunt,
319 1671 354 1712 cir.
377 1671 400 1711 ad
420 1671 476 1711 Roin.
494 1670 530 1720 15,
547 1669 581 1711 33.
604 1672 627 1711 ad
647 1672 720 1726 Epires.
737 1671 762 1724 3,
780 1672 827 1725 21.;

68 1740 152 1781 lthni.
169 1741 193 1781 ad
210 1742 254 1782 Cor.
271 1754 327 1794 capp.
344 1739 377 1782 ob.
394 1739 428 1783 38.
445 1739 479 1781 db.
496 1738 529 1783 50.
546 1739 580 1781 58.

126 1808 152 1864 b)
170 1811 280 1864 impostor,
290 1812 307 1851 si
323 1811 424 1852 Dattacuin
441 1810 515 1860 audias,
532 1811 557 1850 ita
574 1810 668 1864 quuitur,
687 1818 708 1853 ut
724 1809 827 1868 ignatium,

67 1892 107 1931 qno
124 1885 214 1933 ternpore
231 1882 280 1921 haee
296 1883 368 1934 scripte
384 1886 436 1932 sunt,
452 1882 515 1921 adbuc
532 1893 641 1934 superesse
658 1883 764 1937 significet.
794 1887 827 1927 De

67 1950 121 2000 ipso,
138 1951 201 2002 inquit
217 1963 233 1990 c.
253 1949 291 2001 13,
306 1951 396 2003 depactio,
413 1956 433 1990 ct
449 1951 474 1990 de
489 1951 528 1999 bis,
546 1951 581 2002 qui
595 1964 641 1990 com
657 1966 681 1992 eo
698 1960 752 2004 suut,
771 1957 828 2008 qnod

69 2020 145 2058 certius
157 2021 294 2070 epizoccritis,
306 2022 429 2072 sipnittcote.
451 2020 525 2059 Prioris
537 2025 601 2060 autern
610 2023 671 2073 partis
681 2028 750 2064 auctor
759 2025 788 2075 (e.
800 2023 826 2081 9]

67 2089 192 2140 apertissiine
208 2090 302 2140 affirinat,
324 2091 419 2145 Ignatinin
434 2092 473 2144 jain
491 2090 553 2130 fuisse
574 2095 677 2131 niortuuin.
708 2093 771 2135 Futiie
788 2095 826 2137 hoo

67 2163 211 2211 argumentum.
238 2160 258 2200 Si
271 2162 322 2201 enirn
334 2163 395 2202 verba
409 2161 440 2201 ilia
452 2173 468 2201 c.
483 2159 515 2211 13,
528 2161 624 2201 inendacii
636 2152 733 2215 accusata,
750 2179 825 2219 graeca

66 2227 130 2266 adbuc
147 2233 248 2268 exstarent
264 2226 311 2283 (καὶ
327 2227 376 2285 περὶ
390 2225 488 2284 ’syrmiae
503 2227 605 2288 καὶπερὶ
620 2233 662 2271 τῶν
678 2230 723 2284 pccc'
738 2231 825 2291 αὐτοῦ),

65 2309 125 2337 nenio
141 2301 196 2337 certe
213 2299 355 2351 contenderet,
375 2300 472 2354 ignatium
489 2301 558 2341 aditae
572 2304 641 2342 biania
662 2303 699 2344 iilis
715 2305 825 2358 significari
841 2338 843 2341 .

65 2371 98 2406 aut
114 2367 176 2406 innui.

123 2436 244 2489 Nuperriine
252 2438 285 2478 Dr.
292 2438 374 2479 Ritscbt
384 2437 476 2494 [atttiatb.
485 2440 564 2493 Itircbe,
574 2441 629 2482 Bona
639 2440 707 2496 1850]
716 2443 755 2484 atio
764 2445 824 2487 inodo

64 2518 87 2546 ec
98 2506 192 2546 Dattaeus
203 2508 313 2559 pcnnnltos
324 2508 383 2562 liujus
395 2510 491 2563 epistotae
502 2512 565 2563 locos,
582 2525 609 2551 ex
620 2513 705 2552 dirersis
720 2515 823 2569 capitibus,

89 2608 106 2649 1)
120 2608 154 2642 Cir.
162 2613 241 2653 Bunccn,
251 2610 348 2655 ignatiusv.
355 2611 434 2646 Antioch.
477 2613 495 2652 31
508 2614 574 2647 Vindio.
582 2613 636 2658 ignat.
646 2613 663 2647 Ρ.
673 2615 693 2649 n.
704 2627 741 2661 cap.
750 2618 765 2651 V
778 2619 822 2663 apud

65 2677 81 2698 u.
95 2667 141 2698 scine
155 2667 198 2702 Zeit.
214 2669 263 2701 1817.
278 2681 294 2712 p.
310 2668 348 2701 too.
454 2673 527 2707 coteler.
542 2672 551 2705 Ι,
566 2683 580 2706 c.
594 2683 610 2715 p.
624 2672 658 2706 300
670 2685 707 2719 sqq.

59 2752 61 2754 .
88 2723 433 2772 2)Cir.snpiap.LXXVIltctNoutriuni.
