1765 2987
12 163 14 166 7
85 121 101 157 S.
114 115 252 163 anabusne]
378 113 549 153 ructuantibus.
806 117 844 153 XIII

83 226 175 284 ligendas
192 225 254 268 luisse
270 223 372 267 contendit
389 222 419 279 (c.
433 222 478 279 lu),
495 230 515 268 et
530 227 668 269 oeconomiam
683 226 759 267 veteris
770 226 844 267 Testa-

84 299 144 340 menti
159 309 200 339 non
211 295 322 350 Evangelio
334 293 420 345 demum,
436 296 472 336 sed
481 298 521 351 jam
532 299 566 339 illo
578 298 617 350 die,
634 311 674 352 quo
685 298 755 340 Illuses
766 297 844 338 tabulas
863 313 868 318 ·

83 371 136 425 legis
152 368 177 410 de
192 367 282 408 manibus
296 365 388 420 projecit,
405 365 497 408 abolitam
508 368 561 421 esse,
576 368 708 423 Iudaeosque
719 373 767 409 tunc
778 372 844 408 testa-

83 445 170 482 mentum
191 438 210 478 in
231 441 349 490 perpetuum
370 436 484 489 perdidisse
500 439 560 480 docet
577 438 606 493 [c.
623 438 672 481 leet
689 438 735 493 li).
768 439 844 480 Cuncta

83 513 134 553 hacc
149 520 191 549 non
207 520 218 548 a
234 507 323 547 Barnaba
340 511 458 560 exspectes,
476 508 519 562 qui,
536 513 557 549 ut
573 508 642 550 fideles
658 523 670 551 e
686 510 779 564 genubus
796 513 816 549 et
832 520 843 549 e

83 580 166 622 Iudaeis
175 581 312 631 componeret,
321 576 446 619 Antiochiam
455 582 485 618 est
494 579 565 618 missus
571 592 577 629 3
589 579 625 620 sed
634 580 744 620 secundum
753 580 843 619 seculum

83 653 129 695 talia
145 650 230 703 sapiunt,
246 648 371 701 similemque
387 653 456 690 contra
472 648 595 690 Judaismum
612 648 715 690 fervorem
727 649 747 690 in
759 649 843 702 epistola

83 723 108 765 ad
123 722 243 774 Diognetum
259 720 357 773 reperies.

141 791 172 832 Ill.
203 790 282 830 Revera
302 789 372 843 primis
393 790 457 831 seculi
478 789 562 830 secundi
582 790 705 843 temporibus
727 786 844 831 lut-120

84 862 187 917 epistolam
203 864 291 901 nostram
308 864 409 900 exaratam
426 871 472 901 esse
487 865 560 913 putem.

144 930 162 973 1.
177 931 225 972 Post
233 930 359 971 eversionem
369 930 436 984 templi
444 929 620 984 Hierosolymitani
631 942 675 971 eam
686 930 779 984 scriptam
789 940 842 981 esse,

83 1016 110 1044 ex
124 1002 189 1056 capite
206 998 232 1042 16
248 1001 296 1041 satis
311 1000 379 1053 ltquet.
412 999 444 1042 Sic
461 1001 512 1040 enirn
528 1001 566 1041 ibi:
586 994 629 1040 Arci
642 994 683 1057 peip
698 994 725 1042 ari
740 998 844 1052 πολεμεῖν

82 1069 159 1120 αὐτοῦς
180 1068 293 1128 καθῃρέθη
315 1067 342 1126 (o‘
360 1066 423 1125 ναός)
444 1064 489 1110 ino
509 1069 553 1111 τῶν
574 1067 670 1127 ἐχθρῶν·
692 1068 729 1111 ruia
748 1084 766 1109 κ.
787 1082 805 1109 τ.
824 1067 843 1109 λ.

83 1145 121 1193 Qui
146 1144 203 1184 aliter
229 1141 362 1195 distinguunt,
389 1146 409 1181 et
433 1137 460 1180 no
481 1143 516 1181 νῦν
540 1142 614 1182 nomini
638 1138 724 1196 ἐχθρῶν
747 1141 841 1194 jungunt,

82 1213 146 1254 statim
169 1215 216 1265 post
238 1222 311 1251 annum
334 1208 361 1251 rb
384 1222 402 1263 p.
424 1209 458 1251 Ch.
482 1210 518 1250 has
540 1210 616 1251 litteras
640 1210 696 1250 datas
720 1221 766 1250 esse
790 1221 842 1250 con-

82 1281 165 1322 tendunt
178 1279 204 1334 Ι).

142 1351 162 1392 2.
178 1350 248 1391 PrImis
263 1348 327 1390 seculi
343 1348 426 1390 secundi
443 1348 565 1402 temporibus
576 1347 686 1400 tubantes,
702 1348 808 1389 ecclesiam
822 1349 842 1389 In

43 1447 46 1452 ·
82 1421 193 1475 periculum
209 1423 317 1470 vocantes,
340 1418 411 1458 eodem
432 1418 520 1459 ferventi
536 1418 595 1459 modo
612 1419 779 1472 impugnabantur
795 1432 805 1460 a
822 1418 842 1461 S.

82 1490 159 1546 ignatio
176 1488 304 1531 Antiocheno
321 1492 341 1529 et
356 1488 380 1529 ab
397 1492 480 1529 auctore
496 1488 594 1541 epistolae
610 1488 635 1528 ad
650 1488 778 1542 DIognetum.

142 1559 160 1602 3.
182 1559 228 1600 Non
244 1562 290 1598 ante
305 1558 394 1598 seculum
410 1558 521 1599 secundum
538 1559 645 1599 Christiani
661 1559 763 1599 sabbatum
784 1559 842 1600 cele-

82 1631 142 1671 brare
158 1630 272 1678 desierunt3
289 1627 342 1681 quod
357 1629 397 1682 jam
415 1629 516 1680 evenisse,
533 1629 618 1681 epistola
629 1632 697 1669 nostra
709 1628 769 1670 docet
779 1641 795 1670 c.
809 1627 842 1671 15.

142 1698 161 1740 t.
177 1698 254 1739 Auctor
270 1697 368 1750 epistolae
383 1701 466 1737 nostrae
483 1702 552 1739 contra
569 1698 653 1739 eosdem
666 1698 787 1750 haereticos,
803 1698 843 1739 Ju-

83 1769 156 1810 daistas
173 1759 193 1808 ei
207 1767 306 1818 Docetas‚
321 1767 384 1807 verba
395 1766 457 1818 facit,
474 1778 525 1820 quos
542 1766 561 1809 S.
577 1767 665 1820 IgnatIus
681 1767 787 1820 vituperat.
819 1767 844 1808 Ut

82 1839 125 1890 Ine,
147 1839 173 1878 ita
192 1841 212 1877 et
227 1835 303 1876 Noster
318 1837 487 1878 incarnationem
503 1835 576 1877 CbrIsti
592 1841 662 1878 contra
678 1837 765 1879 Docetas
782 1835 812 1893 (c.
829 1836 842 1879 5

83 1911 103 1947 et
120 1904 145 1961 b']
161 1905 280 1960 praedicare
296 1910 380 1947 conatus
397 1909 433 1947 est.
814 1943 817 1946 .

143 1974 162 2018 5.
179 1963 344 2030 Theologumena
360 1975 420 2016 multa
434 1976 532 2029 epistolae
543 1979 631 2028 nostrae,
647 1975 766 2030 praesertim
778 1975 843 2028 quoad

82 2045 218 2101 typologiarm
239 2045 336 2085 simillima
357 2049 403 2086 sunt
423 2046 527 2086 docIrInae
547 2045 566 2087 S.
586 2044 660 2085 tustini
680 2049 700 2086 et
720 2045 843 2097 Tertulliani,

83 2116 95 2156 i.
112 2128 129 2157 e.
146 2115 267 2167 scriptorum
283 2115 346 2155 seculi
361 2114 451 2156 secundi.

142 2183 161 2227 6.
183 2185 205 2225 In
222 2184 313 2225 omnibus
329 2184 431 2226 codicibus
452 2185 537 2238 antiquis
560 2184 644 2238 eptstola
659 2184 763 2225 Barnabae
780 2189 843 2236 post-

82 2254 155 2305 posito
170 2258 202 2295 est
217 2254 314 2307 epistolae
330 2255 445 2308 Polycarpi‚
463 2255 559 2306 sortasse,
570 2255 623 2306 ‚quia
636 2254 715 2308 punior,
732 2258 787 2294 certe
803 2265 843 2295 non

83 2323 145 2364 multo
161 2324 261 2377 antiqqur
279 2325 390 2378 putabatur.

144 2391 162 2434 7.
177 2392 223 2435 Non
239 2394 266 2435 ita
281 2394 343 2436 multo
359 2399 406 2447 post
421 2406 494 2435 annum
511 2391 552 2436 120
568 2393 672 2448 epistolam
687 2397 775 2435 nostram
791 2405 843 2435 con-

84 2463 178 2516 scriptam
194 2474 247 2515 esse,

114 2530 140 2586 or)
156 2544 183 2573 ex
201 2532 265 2586 capite
282 2530 309 2575 16
330 2536 396 2585 patet,
418 2533 453 2575 ubi
473 2533 498 2575 de
519 2534 628 2575 eversione
643 2532 797 2587 Hierosolymae
818 2535 845 2575 ita

109 2681 128 2727 l]
142 2680 218 2716 Gallantl.
231 2683 242 2718 l.
257 2695 270 2718 c,
283 2682 385 2730 p2XXXIIl.
