1789 2987
108 210 151 252 436
251 205 345 241 HERMAE
358 205 448 241 PASTOR.
473 206 538 242 LIBER
551 207 578 241 lii.
603 205 686 241 stttttlu.
699 206 719 240 X.

108 328 178 359 eorum
194 315 262 357 deteri.
292 314 335 356 Hae
351 314 403 355 enim
419 313 495 357 fornice
511 321 593 370 peccatu
609 327 678 357 eorum
700 318 768 368 erant,
790 317 809 356 et
824 327 864 357 ex-

108 391 193 442 aequata
208 390 260 440 sunt,
277 399 303 427 ne
319 386 459 440 apparerent.“

408 524 526 579 Similitudo
545 525 571 579 X.

303 644 335 684 De
349 643 482 695 poeutreou'o
497 647 517 682 et
532 644 668 696 eleemosyna.

167 738 181 779 Ι.
212 738 318 790 Postquam
338 737 496 791 perscripseram
516 736 587 776 librum
607 736 671 789 hunc,
692 737 747 777 venit
767 734 865 776 ¹nuntius

107 810 147 861 iiie,
164 809 198 861 qui
213 821 245 848 me
260 808 369 848 tradiderat
384 808 411 848 ittt
426 808 512 861 pastori,
528 808 547 848 in
564 808 655 859 domum,
674 808 694 847 in
710 819 749 860 qua
765 818 830 857 erunt,
846 811 866 846 et

109 875 201 920 consedit
221 890 281 931 supro
302 878 385 927 iectum;
408 883 428 918 et
448 879 509 918 astitit
528 879 548 918 in
570 878 653 919 dexteru
673 878 717 931 ejus
737 877 770 917 ilic
790 879 865 930 postor.

107 948 185 988 Deinde
201 948 281 987 vocavit
297 960 335 998 me,
352 951 371 986 et
387 947 437 987 hoec
452 948 498 987 milti
515 947 574 987 dixit:
592 947 676 1000 „tradidi
691 947 731 999 te,“
747 947 815 999 iuquit,
833 950 866 997 ,et

107 1018 187 1058 domum
203 1022 255 1057 tuam
276 1016 322 1057 huic
341 1017 429 1069 pastori,
451 1021 473 1057 ut
492 1017 516 1056 ob
539 1029 563 1057 eo
583 1017 663 1070 protegi
683 1017 770 1070 possis.“
803 1015 864 1067 „ito,“

106 1088 198 1139 inquam,
222 1085 321 1126 domine.“
354 1086 389 1138 ,st
408 1087 439 1126 vis
460 1098 510 1139 ergo
531 1087 638 1140 protegi,“
660 1086 734 1139 inquit,
758 1086 795 1138 ,ab
812 1085 866 1125 omni

106 1157 215 1197 vexatione
237 1160 258 1195 et
279 1156 302 1195 ab
325 1156 379 1196 omni
399 1156 493 1207 saevitia,
518 1167 635 1195 successum
657 1161 723 1195 autem
747 1155 822 1195 trabere
846 1154 865 1193 iu

107 1226 161 1267 omui
177 1238 239 1278 opcrc
255 1225 321 1276 bono,
338 1229 397 1277 atque
413 1226 488 1277 verbo,
510 1230 530 1265 et
546 1237 625 1266 omnem
640 1226 733 1265 virtutem
750 1224 853 1277 aequitatis
859 1237 865 1273 ;

107 1296 126 1334 im
144 1295 238 1335 ruaudatis
254 1295 277 1334 iis
294 1294 414 1348 ingredere,
436 1306 487 1347 qtoae
504 1294 558 1334 dedit
573 1295 619 1347 tihi,
640 1299 659 1334 et
674 1295 751 1348 poteris
767 1293 866 1334 dominari

107 1366 161 1406 ononi
183 1365 289 1418 nequitiae.
321 1363 444 1405 Custodicnti
466 1365 517 1404 euim
538 1365 573 1405 tibi
594 1365 684 1405 rotundatu
706 1365 752 1416 itta,
775 1364 866 1416 subjectu

107 1436 145 1476 erit
161 1436 225 1476 connis
242 1434 339 1488 cupiditas
356 1438 375 1474 et
391 1434 475 1474 dulcedo
491 1434 550 1488 hujus
566 1435 641 1483 seculi,
658 1445 765 1488 successus
780 1444 830 1473 vcro
845 1431 865 1471 in

107 1506 161 1545 ononi
182 1506 236 1544 bono
258 1504 340 1557 negotio
364 1509 383 1543 te
404 1507 506 1555 sequetur.
537 1503 669 1544 Maturitctem
686 1502 764 1556 ²hujors
783 1507 803 1542 et
818 1513 865 1542 mo-

108 1573 190 1615 destiam
206 1574 287 1626 suscipe
302 1574 322 1612 iu
338 1578 369 1624 te,
392 1578 412 1613 et
428 1573 459 1612 dio
475 1573 577 1624 omnibus,
596 1573 617 1618 iu
633 1585 705 1627 ntogrro
723 1573 800 1613 honore
817 1582 863 1611 esse

107 1656 152 1683 eum
169 1647 188 1683 et
204 1642 300 1696 dignitate
316 1641 368 1694 opud
383 1642 458 1694 Deum,
480 1647 500 1682 et
518 1655 603 1696 magnum
619 1643 724 1696 potestatis
741 1654 784 1682 eum
800 1653 863 1694 prae-

107 1712 170 1753 sidem
187 1724 243 1763 esse,
265 1716 285 1751 et
300 1716 401 1764 potentem
417 1712 436 1751 in
453 1711 520 1752 officio
541 1723 584 1752 suo.
615 1713 665 1752 Huic
686 1712 724 1752 soii
744 1724 780 1764 per
801 1714 863 1750 totum

107 1781 176 1821 orbem
191 1781 327 1834 poenitentiae
346 1785 435 1834 potestus
456 1782 528 1821 tributa
548 1786 583 1822 est.
614 1783 714 1823 Potensue
732 1782 766 1822 tibi
783 1781 863 1822 uidetur

107 1851 170 1890 esse?
202 1850 241 1893 Sed
257 1863 294 1891 vos
310 1852 440 1891 immunitatem
455 1851 514 1905 hujus
531 1855 550 1891 et
565 1851 693 1904 modestiam,
715 1863 773 1904 quiam
789 1851 809 1891 in
825 1860 862 1890 vos

105 1920 172 1971 habet,
189 1918 310 1972 despicitis.“

165 1990 187 2029 ΙΙ,
218 1990 268 2030 Dico
285 1989 314 2029 ei:
332 1990 448 2043 ,interroga
464 1990 540 2043 ipsum,
562 1989 652 2041 dontine,
670 2002 696 2030 ex
711 2001 750 2042 quo
766 1988 786 2028 in
803 1987 862 2028 domo

106 2072 150 2099 mea
171 2063 211 2110 cst,
235 2071 286 2099 anne
306 2058 380 2110 aliquid
400 2064 457 2098 extra
478 2059 568 2099 ordinem
589 2058 683 2109 fecerim,
704 2063 738 2098 aut
757 2058 777 2097 in
795 2056 862 2108 aliquo

107 2140 153 2167 cum
169 2126 307 2167 offenderim.“
340 2127 378 2180 ,Et
394 2128 454 2180 ego,“
472 2127 541 2180 inquit,
558 2127 621 2179 ,scio‚
637 2127 685 2167 nihii
701 2130 756 2167 extro
772 2125 862 2166 ordinem

106 2195 180 2235 iecisse
199 2199 230 2247 tc,
251 2209 317 2249 neque
336 2208 383 2237 esse
402 2196 512 2247 facturum3
534 2200 553 2242 et
572 2197 618 2238 ideo
637 2197 686 2238 hoec
701 2197 775 2249 loquor
790 2199 862 2245 tecum,

106 2270 128 2305 ut
142 2277 265 2317 perseveres
271 2280 276 2315 ;
298 2267 350 2305 bene
366 2267 418 2306 enim
433 2267 465 2306 iiic
482 2267 506 2306 de
522 2270 542 2306 te
558 2266 609 2319 opud
625 2279 657 2306 me
676 2265 802 2306 existimavit.
832 2264 863 2304 Tu

106 2339 172 2375 cutem
189 2336 275 2375 coeteris
291 2334 342 2374 hacc
357 2336 419 2375 verbo
435 2335 500 2388 dices,
522 2340 543 2376 ut
559 2340 579 2376 et
595 2336 634 2387 ilii,
657 2336 690 2388 qui
712 2337 808 2388 egerunt,
830 2336 863 2373 aut

106 2405 169 2445 acturi
185 2408 231 2445 sunt
245 2404 400 2458 poenitentium,
420 2404 489 2444 eudem
505 2417 556 2456 quoe
573 2409 593 2444 tu
609 2405 705 2455 sentiant,
727 2408 746 2443 et
761 2404 794 2443 hic
810 2401 862 2455 apud

105 2485 137 2512 me
158 2473 183 2513 de
202 2474 226 2514 iis
247 2474 401 2526 interpretetur,
424 2477 443 2512 et
465 2485 504 2526 ego
523 2474 574 2526 apud
590 2473 714 2515 Dominumss
748 2472 785 2525 ,Et
801 2470 861 2525 cgo,“

105 2543 197 2594 inquom,
220 2542 325 2594 ,domine,
350 2542 403 2583 omni
424 2541 499 2582 homini
520 2543 587 2584 indico
608 2543 707 2597 magnatio
728 2543 777 2592 Dei3
800 2552 861 2595 spero

106 2615 177 2663 autem,
194 2623 231 2652 eos
242 2624 319 2664 omues,
335 2612 368 2665 qui
379 2616 445 2652 omont
456 2624 486 2663 eu,
503 2616 523 2653 et
533 2616 579 2654 ante
589 2615 731 2666 peccaverunt,
741 2611 772 2651 his
783 2610 861 2661 eruditis,

129 2759 148 2804 i)
162 2759 196 2793 Cir.
208 2759 287 2794 Proocm.
301 2760 323 2794 ad
335 2759 379 2795 Lihr,
392 2760 411 2795 tt.
482 2763 485 2804 t
519 2763 537 2806 2]
551 2763 577 2799 Sc.
589 2764 671 2809 pastorio
684 2765 715 2801 out.
