1765 2987
168 160 261 208 Houlrnu
273 160 364 197 Pnsrou.
389 163 455 200 LIBER
467 163 494 199 111.
520 164 603 200 SllllLlT.
617 164 637 199 V.
741 167 783 209 389

28 269 118 312 ¹iniusus
130 273 160 312 est
171 270 257 312 omniurn
268 271 343 324 primus
358 271 378 313 in
394 271 503 327 ²corpore‚
519 274 539 314 in
555 286 595 327 quo
612 274 711 323 habitaret
721 274 782 315 Deus.

24 340 151 382 ³Collocavil
166 342 218 381 enirn
230 353 275 381 euro
286 341 396 383 intellectus
407 344 425 384 iu
438 356 529 397 corpore,
546 349 566 385 ut
578 346 596 385 ei
608 345 718 386 videbatur.
739 344 783 385 Hoc

25 422 172 465 ergocorpus,
188 410 279 463 in-quod
295 411 386 453 inductus
402 418 433 454 est
448 414 532 467 Spiritus
549 420 639 467 sanctus,
655 415 739 457 servivit
754 415 782 456 illi

24 481 110 537 Spiritui,
121 486 177 521 reete
188 482 208 521 in
219 481 316 522 modestia
327 484 428 525 ambulans
440 489 459 525 et
470 489 531 537 caste,
542 498 608 538 neque
620 487 700 526 oinnino
711 498 781 526 macu-

23 553 71 594 lavit
81 551 174 604 Spiritum
185 551 245 592 illuni.
267 552 330 600 Quurn
341 554 401 607 igitur
412 567 485 608 corpus
496 555 542 596 illud
554 557 654 608 paruisset
665 557 717 597 ouini
728 560 781 596 tein-

23 634 73 677 pore
89 620 169 675 Spiritui
185 626 266 673 sancto,
282 627 377 678 recteque
393 629 412 666 et
429 629 483 665 caste
499 625 610 666 laborasset
625 638 669 666 curu
686 637 723 677 eo,
743 637 781 666 nec

23 691 162 734 succubuisset
176 692 196 731 in
212 692 265 732 ornni
280 698 382 747 ternpore;
398 693 518 749 4fatigatum
531 707 605 747 corpus
619 696 667 736 illud
681 697 781 736 serviliter

23 765 163 804 conversatum
174 767 210 814 est,
221 762 257 803 sed
269 763 347 805 sortiter
357 777 401 805 enni
412 765 485 817 Spiritu
497 769 566 805 sancto
579 765 728 817 comprobatum
738 765 782 805 Deo

22 836 125 885 receptum
142 836 177 873 est.
207 832 283 873 Placuit
297 824 358 887 igitur
368 834 412 874 Deo
425 834 539 887 hujusmodi
551 838 623 887 potens
637 845 720 883 cursus;
736 834 781 886 quie

22 903 131 943 ruocnlatns
146 900 201 943 5non
213 907 267 944 'essct
278 904 297 943 in
309 908 369 953 terra,
385 900 506 957 fipossidens
517 904 536 944 in
548 916 570 944 se
581 901 674 956 Spiritum
685 909 781 945 soncturo.

22 973 43 1014 ln
59 973 143 1014 oonsilio
159 972 265 1014 advocavit
280 986 330 1028 ergo
346 975 415 1015 Filium
432 978 451 1015 et
466 974 546 1015 nuntios
561 975 638 1027 honos,
657 980 678 1016 ut
694 979 713 1015 et
728 974 781 1026 huic,

21 1100 69 1144 justis
82 1099 103 1133 ad
116 1110 168 1143 opera
184 1100 230 1134 hona
245 1100 354 1145 peragenda,
372 1106 391 1134 ut
409 1099 444 1134 Sed
457 1101 488 1134 cir.
502 1104 579 1144 Dorner,
593 1101 604 1134 l,
620 1112 634 1135 c,
648 1112 664 1145 pt
678 1100 711 1134 193
725 1112 750 1146 sq.

22 1164 70 1203 patet
88 1169 109 1192 en
123 1157 195 1192 ltanoat,
209 1158 228 1201 V,
242 1160 258 1192 1.
276 1165 294 1192 et
310 1157 353 1191 inira
370 1169 391 1191 ex
433 1160 453 1203 θ)
466 1158 544 1203 Denique
553 1160 689 1204 investigandum
699 1165 731 1201 est,
740 1159 780 1204 quid

22 1222 61 1251 nola
74 1218 107 1259 θ),
122 1222 139 1249 et
152 1226 172 1250 err
184 1228 201 1261 p.
215 1216 254 1250 390.
267 1223 302 1251 not.
315 1217 331 1250 2.
356 1214 390 1249 Gir.
409 1217 441 1249 sibi
452 1217 505 1250 velint
514 1216 566 1250 verba
576 1216 659 1251 Pastoris:
673 1220 717 1262 „quii
730 1218 780 1260 (Spi-

21 1278 102 1316 Domor,
115 1274 126 1308 l.
140 1285 155 1307 c.
169 1286 185 1318 p.
200 1275 239 1308 198.
409 1274 451 1306 ritus
469 1275 546 1318 sanctus)
564 1277 640 1320 {alfusus
658 1281 685 1309 est
701 1277 780 1309 oninium

46 1333 62 1375 ζ)
74 1331 167 1366 Praeterea
175 1332 246 1366 Hermas
258 1332 296 1365 aliis
307 1331 350 1365 locis
362 1332 391 1365 in·
408 1334 479 1376 priores
487 1333 506 1366 in
515 1333 642 1376 corponfflete.
655 1332 780 1366 Pastornoster

22 1392 138 1425 carnationevn
158 1392 188 1422 τοῦ
207 1389 267 1435 Λόγου
289 1391 391 1435 pronuntiat,
410 1389 489 1433 Spiritum
504 1395 581 1423 sanetum
598 1377 685 1434 distinguit
703 1389 724 1422 ab
743 1388 779 1422 aliis

21 1449 122 1493 praesertim
135 1445 245 1482 similitudine
258 1447 286 1490 tx,
298 1448 350 1491 0112,
363 1449 391 1481 ubi
410 1448 496 1491 spiritibus
508 1458 539 1480 seu
552 1448 637 1491 spiritibus
647 1448 709 1480 sanetis
719 1446 780 1488 (Simil.

21 1506 74 1540 Filius
83 1507 116 1539 Dei
128 1511 208 1539 aeternus
218 1512 236 1539 et
244 1506 322 1541 Salvator
334 1503 392 1539 noster
410 1504 442 1546 IX,
461 1504 487 1537 13.
502 1504 537 1547 15),
562 1504 584 1537 Hi
602 1506 668 1549 spiritus
685 1506 741 1538 sancti
758 1504 781 1537 nil

21 1566 37 1599 in
51 1565 100 1598 terris
114 1564 160 1598 clare
173 1570 190 1597 et
202 1564 254 1608 plane
270 1576 307 1599 tritu
319 1567 390 1599 enum-
410 1569 449 1596 sunt
461 1563 492 1595 nisi
507 1565 583 1597 virtuales·
600 1562 672 1595 honiinis
686 1561 780 1603 Christiani,

21 1634 53 1667 que
64 1633 143 1667 persono
155 1627 199 1655 sunt.
218 1622 269 1655 Filius
284 1621 316 1654 Dei
329 1623 352 1656 ihi
366 1610 391 1655 est
410 1626 426 1653 et
442 1623 488 1655 donor
505 1619 576 1663 Spiritus
593 1621 647 1653 saneti
665 1621 725 1663 (sensu
737 1629 780 1664 pro-

20 1680 48 1713 itta
61 1687 113 1715 octttt
124 1686 184 1725 petris,
199 1681 246 1714 ornati
260 1686 343 1715 nectura
355 1691 390 1714 oo-
409 1678 465 1723 prio),
483 1677 558 1722 ideoque
571 1677 643 1720 Spiritus
656 1683 724 1710 sanctus
743 1678 780 1720 pri-

20 1741 96 1783 tiqniov,
117 1737 200 1782 simulque
220 1736 248 1770 illa
268 1744 320 1783 portu
338 1749 390 1780 laona,
410 1746 452 1778 rous,
464 1736 475 1769 i.
486 1745 501 1767 ei
514 1740 554 1767 ante
567 1734 597 1767 hos
610 1736 692 1767 virtutum
704 1735 779 1777 spiritns,

20 1808 64 1841 puae
82 1799 102 1831 io
120 1798 270 1831 coltsuolmutiouo
287 1799 306 1829 io
324 1795 390 1830 riouis-
409 1793 473 1826 inlusus
487 1799 513 1825 est
525 1792 608 1825 hunianae
622 1791 684 1824 Christi
702 1797 779 1824 naturae.

19 1857 73 1889 sionis
92 1856 155 1889 diehzrs
174 1856 267 1898 apparatit5
285 1852 339 1887 Filius
358 1853 390 1886 Dei
434 1852 451 1893 1)
464 1853 546 1895 insulsus.
565 1849 625 1883 Plures
638 1849 780 1882 codiceshabent

20 1918 100 1946 aeternus
114 1911 164 1951 shnul
177 1911 206 1944 itte
216 1916 248 1953 est,
262 1913 317 1954 ezrjus
327 1922 391 1946 alcinoo
410 1917 486 1945 creatus.

20 1981 50 2003 nos
64 1968 170 2013 (Christiani)
183 1973 232 2014 (ertu
244 1971 335 2011 debemus,
353 1969 390 2012 ipse
432 1967 452 2010 2)
467 1968 538 2011 Cot-pue
552 1979 576 1995 =
589 1965 662 1998 humana
675 1969 740 1999 natura.

19 2029 48 2062 ille
67 2034 103 2070 est,
123 2038 155 2071 per
170 2038 220 2071 quern
239 2026 329 2060 salvamur.
356 2024 389 2059 Clr.
432 2024 451 2068 3)
463 2023 561 2068 Hilgenfeld
580 2023 659 2066 conjicit:
682 2025 780 2058 Collocavit

18 2089 100 2128 Dorum,
113 2085 125 2118 l.
139 2095 153 2117 ot
167 2095 183 2128 p.
198 2084 230 2117 196
245 2089 262 2116 et
276 2084 314 2118 197.
408 2084 508 2117 intellectus
528 2083 613 2127 spiritum
631 2080 674 2120 ldcn
687 2079 733 2113 Geist
750 2079 781 2112 der

42 2145 58 2186 η)
76 2143 127 2177 Plane
140 2142 201 2184 injuste
214 2142 279 2175 Ductor
291 2142 389 2187 Hilgenfeld
408 2139 528 2179 Erlrenntnissl
551 2140 568 2172 in
590 2148 673 2182 corpore,
698 2138 743 2181 quorl
765 2137 790 2185 ei-

20 2204 82 2245 (apost.
100 2201 157 2234 Vttter'
170 2204 202 2233 etc.
222 2211 238 2243 p.
258 2199 292 2232 146
312 2206 329 2233 et
348 2200 389 2242 tor)
408 2198 504 2231 videbatnn
521 2196 573 2230 Forte
586 2193 780 2237 titenltecnisztleus,

19 2259 99 2293 Hermam
111 2263 188 2292 nostrum
199 2257 290 2291 haereseos
300 2258 390 2291 Antitrini-
408 2257 452 2293 νοῦς,
465 2265 496 2288 seu
510 2269 533 2285 =
548 2256 605 2296 σοφία,
617 2252 667 2297 λόγος.

19 2318 101 2350 lariorum
122 2321 219 2359 suspectum
239 2316 312 2349 reddere
330 2315 389 2349 voluit.
432 2313 451 2357 4)
469 2316 541 2348 Doroer
559 2312 578 2355 (l.
593 2323 607 2345 c.
627 2322 642 2354 p.
656 2311 698 2353 202)
717 2310 779 2343 vertit:

20 2374 37 2408 Si
52 2377 107 2420 ipsurn
126 2375 194 2418 audias,
213 2373 285 2407 Hermas
304 2383 337 2407 non
356 2379 391 2406 tres
409 2374 543 2416 Jcrtorlt'drpar
555 2374 580 2405 ist
591 2374 731 2404 zac-avertuntur
743 2369 780 2401 tritri

20 2432 84 2466 divinas
102 2444 201 2478 personas,
220 2432 251 2465 sed
264 2442 314 2465 unam
326 2437 391 2464 tanturn
409 2432 428 2464 iu
452 2430 594 2472 traiectiones-rao
620 2426 778 2470 ciolrerpereonrlclt

19 2493 55 2525 cim
72 2491 144 2525 divinam
163 2491 251 2535 agnoscit,
269 2489 391 2523 immediatea
409 2481 649 2530 [serviliterconversatum).

19 2547 57 2582 Deo
65 2547 390 2593 procedentem:Spiritnmsanclurn‚
433 2544 451 2587 5)
465 2542 504 2576 Seil.
518 2542 608 2575 Olaristns.

19 2616 103 2651 quamque
116 2606 149 2639 vim
162 2605 178 2637 in
188 2614 260 2649 corpore
270 2604 341 2647 Christi,
354 2606 366 2636 i.
374 2614 389 2636 e,
432 2601 450 2641 6]
468 2599 555 2632 Dornerus
574 2596 593 2640 [l.
607 2607 621 2628 c.
641 2608 657 2640 p.
672 2596 715 2641 203]
734 2597 778 2631 male

19 2663 36 2696 in
49 2664 121 2698 humana
135 2662 197 2698 Christi
215 2675 294 2709 perrona
312 2663 339 2708 [ut
350 2661 389 2694 Hil-
408 2659 459 2702 legit:
475 2657 571 2700 possidens
588 2657 607 2689 iu
625 2665 645 2689 sc
657 2657 747 2700 Spiritum
759 2658 779 2691 tn

19 2722 105 2765 genleldio
126 2722 202 2764 videtur)
228 2721 316 2755 efficacem
337 2723 389 2764 putat.
408 2717 489 2751 cultellio.
