1765 2987
176 168 178 171 ’
232 164 246 201 1.
259 163 380 200 CLEIIENTIS
393 165 423 201 AD
437 164 486 202 COR.
498 165 539 202 LVI.
552 165 600 201 LVII.
754 168 794 213 131

39 272 111 313 nocieli
133 272 163 313 {ui
182 285 232 324 nou·
247 273 334 327 deficiet.
365 273 424 314 Scies
444 279 522 325 orclem,
546 275 604 327 prend
623 276 708 318 multum
727 289 797 326 semen

40 349 102 395 tuum,
119 348 139 383 et
154 343 215 385 liberi
231 344 261 385 tui
276 349 337 394 ernont
353 345 415 397 quasi
431 345 499 386 omneis
509 345 574 386 lierbo
585 348 660 399 corripi.
689 346 797 388 Etcenies

38 414 61 453 in
71 414 210 466 sepulchrum,
227 420 325 466 tunquam
335 412 460 464 frumentum
474 421 584 467 moturum,
602 419 659 469 qnod
671 418 797 470 intempore

38 491 175 536 messuerunt,
190 485 224 525 nel
238 485 293 525 sicut
309 497 398 525 acernus
415 497 485 534 ureue,
505 486 528 525 in
544 491 634 539 tempore
650 494 796 540 comporloius.

38 553 126 607 Videtis,
147 554 223 606 dilecti,
245 555 324 608 protegi
341 566 388 607 eos,
411 556 444 608 qni
460 568 471 596 a
486 549 572 598 Domino
594 558 729 611 castigantum
752 571 796 599 cain

39 623 90 664 enim
111 624 176 664 bonus
198 623 235 676 sit,
257 625 341 678 castiget
361 636 398 666 nos
414 624 480 678 Deus,
501 630 523 667 ut
542 630 611 668 sancta
633 628 677 682 ejus
694 628 796 682 disciplina

39 693 221 735 commonefieinns.

38 822 93 864 LVII.
120 822 236 864 Seditionis
251 828 347 864 auctores
362 821 492 876 presbyteris
506 836 553 865 sese
563 824 685 877 subjiciant,
702 839 728 867 ne
738 826 797 868 Deus
839 809 841 811 ι

350 906 385 934 eos
401 893 484 945 perdat.

97 976 138 1017 Vos
154 976 221 1031 igitar,
238 976 272 1029 qni
288 975 392 1017 sediti0nIs
408 974 536 1036 fundamenta
545 976 629 1030 jecistis,
646 978 665 1018 in
683 977 796 1018 obedientie

39 1046 112 1088 subditi
128 1051 193 1087 estote
212 1044 358 1101 'presbyte1·is‚
375 1050 395 1086 et
410 1046 556 1086 correctionem
572 1048 669 1100 suscipite
684 1048 704 1088 in
721 1050 797 1102 poeni-

38 1114 226 1170 tentian1‚²genne
243 1116 332 1157 cordinin
348 1121 461 1158 vestrorum
482 1116 593 1159 flectentes.
623 1118 698 1160 Discite
717 1121 795 1174 subjici,

38 1188 163 1241 deponentes
179 1188 288 1241 gloriosam
305 1193 325 1229 et
339 1189 446 1242 superbam
462 1188 544 1242 linguae
555 1193 636 1229 vestroe
649 1190 796 1244 arrogantium

38 1258 109 1299 melius
126 1258 178 1297 enirn
194 1259 260 1298 estin
280 1270 345 1311 grege
362 1258 435 1298 Christi
455 1270 529 1311 parvos
551 1263 571 1298 et
589 1259 655 1299 nonae
676 1259 740 1300 fernae
759 1272 795 1299 re-

37 1329 111 1383 periri,
133 1340 191 1381 quoin
207 1328 265 1369 niniis
281 1327 412 1383 splendentes
428 1326 484 1381 ⁵spe
499 1328 552 1368 illins
569 1325 663 1384 [Christi]
681 1329 732 1382 ejici.
764 1329 796 1371 Sic

38 1399 90 1439 enini
107 1398 154 1438 dicit
169 1398 265 1451 snpientia
282 1410 361 1439 ornnem
377 1398 470 1438 virtutem
485 1398 630 1451 complectens:
652 1396 728 1450 Iecce,
742 1411 796 1451 pro-

36 1471 105 1523 feram
120 1467 181 1509 uobis
196 1469 237 1508 ozei
252 1469 342 1521 spiritus
359 1468 483 1518 dictionem,
500 1468 578 1509 docebo
595 1473 663 1509 uuiern
678 1481 717 1509 uos
731 1481 797 1510 orreum

37 1551 159 1580 sennonem.
192 1537 296 1587 Quoniam
311 1539 425 1589 vocabam,
446 1544 467 1580 et
485 1552 528 1580 non
545 1538 664 1590 obediistis,
687 1545 707 1580 et
721 1545 796 1580 enten-

37 1609 111 1649 debone
126 1608 197 1660 uerbo,
213 1615 234 1649 et
248 1622 291 1651 non
306 1609 434 1660 attendistis,
452 1609 491 1650 seu
505 1610 570 1650 irritu
584 1608 667 1660 fecistis
682 1622 727 1650 meo
743 1622 795 1649 con-

37 1680 99 1731 silio,
120 1679 206 1719 eineis
222 1679 404 1731 increpationibus
420 1679 508 1720 rebelles
527 1679 614 1733 fuistis,·
635 1680 707 1732 eroque
724 1685 743 1720 el
758 1692 795 1732 epo

36 1755 108 1790 uestro
122 1748 241 1801 perditione
256 1749 342 1800 ridebo,
363 1749 461 1802 pendebo
478 1753 557 1798 autern,
576 1762 622 1789 curn
636 1751 719 1790 uenerit
734 1748 795 1789 nobis

36 1820 144 1870 interitus,
161 1824 181 1859 et
195 1819 275 1872 quoties
290 1819 401 1860 ccdoenerit
415 1818 476 1860 nobis
491 1818 562 1860 cubito
579 1819 688 1868 iurreultue,
711 1819 794 1860 eoeroio

37 1894 105 1931 autern
120 1890 196 1930 similis
210 1889 315 1942 procellae
331 1887 426 1941 olfecerit,
444 1889 478 1929 uel
494 1901 539 1929 curn
553 1888 636 1929 uenerit
650 1888 710 1929 uobis
726 1888 794 1928 leibu-

37 1960 89 2001 lotio
106 1965 126 2000 et
141 1959 260 2012 oppressio.
290 1959 339 2000 Erit
351 1960 412 2009 enirn,
429 1958 611 2000 cuminoocabins
622 1971 660 2009 ene,
677 1971 715 2011 epo
727 1963 795 1999 aulem

36 2042 79 2070 non
101 2031 216 2071 ennodium
239 2042 290 2078 υοε,Ι
316 2033 418 2082 quaerent
437 2042 469 2069 nne
490 2029 553 2079 unali,
578 2033 597 2069 et
616 2041 660 2070 non
682 2028 795 2068 irruentenl.

38 2099 133 2141 Oderunt
143 2102 197 2140 enlm
207 2100 341 2152 sapientium,
359 2100 452 2140 timorem
463 2104 531 2138 autern
542 2098 627 2139 Danuui
638 2111 682 2139 uon
697 2096 795 2139 ⁵ossunn-

35 2174 116 2220 serunt,
133 2181 199 2223 neque
214 2168 315 2211 uolebant
329 2169 380 2209 meis
393 2168 501 2208 attendere
511 2167 620 2214 consiliis;
635 2166 796 2207 subsannabunt

36 2246 104 2281 aulem
118 2252 174 2281 ineos
189 2239 358 2291 redargutiones.
383 2238 440 2291 Erpo
455 2238 563 2279 comedent
576 2237 625 2278 uine
640 2249 692 2277 sune
701 2236 794 2287 berctus,

36 2391 64 2435 qui
75 2389 104 2424 hie
113 2389 207 2423 doctrinam
215 2387 271 2421 ilioni:
285 2394 337 2424 entra
346 2391 404 2424 eccle·
423 2387 503 2422 irenaeus
516 2393 549 2421 eto.
569 2387 615 2432 apud
631 2389 697 2422 Euoeb.
713 2386 733 2420 H.
746 2385 766 2419 Ε.
779 2385 792 2428 I,

35 2450 82 2482 niam
94 2449 145 2481 noua
153 2448 213 2491 eolice,
229 2446 298 2490 detegit.
423 2444 451 2478 22.
471 2446 512 2478 Con.

58 2504 78 2548 4)
91 2503 142 2537 Prov.
162 2503 183 2546 l,
204 2503 294 2538 23-31.
323 2504 405 2547 >Librum
447 2503 467 2548 5)
480 2501 506 2536 De
526 2502 559 2535 hac
576 2502 631 2535 forino
650 2501 708 2535 norisii
720 2500 741 2533 II.
762 2500 793 2535 ct.

35 2561 166 2596 Proverhiorum
186 2562 237 2595 etiem
255 2564 337 2597 Clemene
353 2564 405 2597 Alex.
424 2562 489 2595 Ballm.
503 2559 530 2594 Gr.
543 2569 569 2604 gr.
582 2559 644 2603 (med)
664 2561 680 2601 §.
695 2557 733 2591 101.
747 2568 762 2591 s,
775 2567 792 2591 r.

36 2619 97 2655 Situm.
110 2618 132 2662 ll,
145 2618 173 2652 22.
188 2630 205 2664 p.
218 2619 251 2653 501
266 2617 359 2660 uorselperor
375 2630 406 2650 oo·
424 2617 475 2662 nigei).

35 2679 74 2721 plor
92 2676 177 2723 appellnt,
198 2678 273 2723 itemque
291 2675 406 2723 Hegestpns,

618 2728 652 2772 qil·
