1789 2987
83 183 126 218 LXX
378 177 550 215 Pnotsoouuttn·
702 178 841 224 [tinniturum

84 295 104 332 et
126 290 175 330 aliis.
205 287 299 328 Dallaeus
319 298 381 338 nero,
402 291 424 327 ut
445 287 507 341 ipsius
523 288 542 330 S.
558 288 650 346 ltlartyris
671 286 755 340 scripta,
775 287 801 328 ita
822 292 842 329 et

83 361 133 402 Acta
154 358 243 413 ejusdem
263 369 300 410 pro
322 357 453 411 supposititiis
475 350 612 410 habuitpsed
631 360 682 400 sicut
700 357 791 410 illorum,
814 359 841 399 ita

83 432 154 471 horum
181 440 262 481 quoque
289 427 428 469 defensionem
454 431 544 482 suscepit
570 429 695 471 doctissimus
720 428 841 469 Pearsonius

82 501 101 541 Ρ,
112 499 133 539 ll.
150 498 226 539 Vindic.
242 498 304 551 Epist.
320 497 340 539 S.
355 498 397 553 lgn.
414 511 430 538 c.
447 497 509 553 12¹).
540 500 621 541 Praeter
635 500 735 541 Dallaeuin
751 498 840 540 Oudinus

83 582 170 624 quoque,
187 569 315 610 Heumannus
327 573 347 609 et
358 569 396 621 alii,
412 569 528 623 nuperrime
539 570 652 624 Hilgenfeld
660 568 681 625 ²]
694 573 713 610 et
723 569 841 623 praesertim
871 596 874 600 -

82 640 197 681 Uhlbornus
207 637 228 694 ³)
245 640 365 681 authentiam
382 643 471 680 actorum
487 641 606 695 impugnare
621 641 699 697 agressi
708 643 768 696 sunt:
785 636 810 693 1)
826 638 841 679 Ε

83 723 122 753 sex
143 711 223 764 primis,
249 711 328 762 dicunt,
351 722 411 751 aerae
434 710 554 752 christianae
577 713 651 753 seculis
674 712 773 752 nerninem
796 713 842 750 ante

84 781 191 835 Evagrium
208 779 265 835 (hist.
283 781 361 833 eccll,
380 778 419 835 16)
436 785 524 822 actorum
540 783 619 823 illorum
635 782 760 831 meminisse3
779 792 843 834 prae-

84 852 153 893 sertim
176 863 215 891 nec
238 850 345 893 Eusebium
370 851 533 903 Caesariensem,
556 864 595 893 nec
619 852 782 906 chrysostomum
805 864 844 891 neo

85 926 177 962 autorem
193 921 287 962 Chronici
302 922 407 975 paschatis,
423 922 448 963 de
464 923 541 977 lgnatio
558 927 577 963 et
593 924 636 977 ejus
651 928 714 964 morte
729 924 843 976 loquentes,

86 992 145 1045 hujus
161 992 343 1040 librimentionem
359 992 438 1032 fecisse.
454 1017 483 1022 -
498 992 519 1033 Id
534 1005 593 1034 nemo
609 994 702 1047 negabit3
722 993 758 1034 sed
774 993 844 1045 partim

85 1062 208 1114 argumentis
224 1073 251 1101 ex
265 1061 344 1101 silentio
362 1062 400 1101 vim
416 1074 507 1115 magnam
523 1075 563 1103 non
579 1063 647 1104 inesse
667 1066 790 1114 compertum
806 1066 843 1112 est,

84 1130 154 1183 partim
171 1142 200 1181 ea,
218 1141 269 1182 quae
279 1130 379 1171 Eusebius
396 1134 415 1171 et
426 1130 582 1184 chrysostomus
597 1130 622 1171 de
634 1131 652 1173 S.
664 1131 740 1186 lgnatio
756 1134 844 1182 narrant,

85 1212 130 1240 cum
152 1200 201 1240 actis
223 1200 313 1253 martyrii
338 1201 381 1254 ejus
404 1201 494 1253 perbene
518 1201 652 1254 concordant,
673 1202 700 1243 ita
723 1207 744 1243 ut
765 1214 792 1242 ex
813 1200 844 1241 his

85 1269 172 1310 sortasse
187 1269 259 1310 hausta
274 1269 385 1310 uideantur.
416 1269 441 1310 Et
456 1256 508 1311 ihter
524 1276 605 1313 nostros
621 1273 676 1313 multi
691 1273 711 1312 in
726 1272 777 1312 festo
789 1270 844 1311 llar-

86 1340 135 1393 tpris
156 1339 240 1393 alicujus
261 1338 286 1379 de
307 1338 346 1378 vita
368 1342 388 1378 et
407 1338 513 1380 virtutibus
534 1344 554 1381 et
574 1345 639 1383 morte
660 1342 703 1396 ejus
723 1342 743 1381 in
761 1339 844 1394 publicis

87 1410 219 1451 concionibus
239 1409 381 1450 ecclesiasticis
402 1410 464 1450 verba
485 1409 559 1450 iaciunt
579 1408 613 1465 (ut
629 1412 674 1452 olim
691 1410 844 1465 Chrysostomus

86 1481 106 1520 in
118 1478 169 1520 festo
181 1477 271 1534 Ignatii),
288 1479 335 1532 quin
351 1478 376 1519 ad
393 1484 436 1519 actu
453 1480 541 1532 martyrii
556 1481 599 1534 ejus
614 1492 712 1534 expresse
727 1483 844 1534 provocent.

87 1548 113 1603 2)
134 1549 267 1603 Adversarius
289 1550 306 1589 si
327 1549 407 1601 audias,
428 1549 528 1590 Eusebius
548 1548 581 1604 (in
601 1548 715 1605 Chronico]
737 1554 757 1590 et
777 1553 846 1590 auctor

88 1619 182 1659 Chronici
197 1619 297 1671 paschalis
313 1620 362 1659 actis
378 1619 452 1658 nostris
464 1623 533 1671 aperte
545 1620 693 1661 contradicunt:
709 1619 735 1674 u)
751 1620 772 1660 ln
789 1619 844 1671 actis,

87 1689 166 1740 dicunt,
187 1689 283 1741 legimus,
306 1689 413 1742 Trajanum
433 1687 558 1730 Antiochiae
576 1689 674 1744 ignatium
693 1689 845 1730 condemnasse.

86 1758 185 1799 Eusebius
209 1762 274 1798 autern
296 1758 316 1797 in
338 1757 437 1798 Chronico
460 1751 542 1811 narrat:
561 1760 668 1813 Trajanum
690 1765 741 1810 post
761 1763 846 1798 mortem

86 1829 157 1883 ignatii
167 1828 292 1870 Antiochiam
302 1829 396 1879 venisseJ
411 1826 438 1882 β]
455 1828 505 1869 Acta
517 1828 614 1883 lgnatinm
629 1842 684 1870 izorio
697 1829 776 1883 Trajani
792 1840 845 1869 anno

87 1896 156 1953 [107]
177 1903 261 1939 mortem
282 1898 356 1952 obiisse
377 1898 512 1949 contendunt,
533 1899 647 1939 Chronicon
668 1902 733 1938 autem
752 1898 846 1951 paschale

86 1969 203 2021 martyrium
219 1969 263 2021 ejus
280 1979 332 2008 anuo
350 1964 391 2008 105
403 1968 498 2021 assignat.
515 1990 542 1996 η
558 1967 691 2019 Respondeo:
708 1966 733 2021 a]
748 1967 846 2006 Ponamns

87 2038 151 2091 primo
174 2041 232 2077 notas
255 2038 304 2077 istas
326 2035 479 2088 chronologicas
501 2036 553 2087 apud
572 2036 680 2077 Eusebium
705 2039 724 2075 et
745 2039 847 2075 auctorem

88 2107 182 2147 Chronici
201 2107 299 2159 paschalis
316 2107 374 2160 capiti
390 2105 404 2147 2
423 2109 512 2146 actorum
532 2109 646 2146 nostrorum
666 2105 737 2158 plane,
756 2109 778 2144 ut
796 2103 847 2144 Uhl-

88 2176 165 2216 hornus
178 2179 239 2228 putat,
255 2187 370 2229 repugnare
375 2188 381 2224 3
398 2174 444 2226 quid
459 2174 523 2214 tunc?
553 2174 598 2214 Duo
613 2186 695 2214 errores
708 2172 848 2225 chronologici

88 2259 129 2287 non
146 2246 252 2298 evincunt,
268 2245 390 2298 temporibus
405 2244 487 2285 Eusebii
503 2248 523 2284 et
538 2243 625 2284 auctoris
641 2243 734 2284 Chronici
750 2241 846 2295 paschalis

88 2320 132 2357 acta
152 2315 242 2367 martyrii
262 2314 281 2357 S.
297 2314 369 2368 Ignatii
387 2314 476 2354 nondum
497 2314 604 2354 exstitisse.
634 2313 720 2366 Respice
737 2313 847 2364 Irenaeum,

88 2385 122 2439 qui
148 2385 247 2425 Christum
273 2387 357 2424 aetatem
383 2396 448 2436 paene
472 2381 501 2424 50
526 2394 623 2423 annorum
648 2381 738 2435 attigisse
764 2381 847 2421 aslirmat

89 2453 146 2507 [adv.
163 2454 217 2494 haer.
233 2453 266 2494 lib.
282 2453 304 2493 ll.
321 2465 337 2492 c.
354 2450 387 2495 22.
404 2466 423 2493 n.
438 2451 452 2494 d
466 2457 485 2492 et
501 2450 533 2506 5).
552 2453 651 2502 >Dicesne
666 2451 755 2503 forsitan,
770 2451 848 2492 lrenaei

89 2525 212 2577 temporibus
228 2535 287 2564 sacra
303 2522 408 2577 evangelia
428 2521 515 2563 nondum
537 2521 617 2576 cognita
638 2521 718 2562 luisse?
747 2519 772 2576 b]
789 2520 847 2569 Quod

112 2627 130 2671 i]
144 2627 194 2671 Apud
207 2625 262 2661 Cotel.
276 2626 294 2660 Τ,
307 2625 328 2659 11,
341 2638 358 2670 p.
372 2626 412 2659 411.
502 2624 521 2668 3)
536 2627 615 2660 Ulilborrt
631 2625 648 2658 in
661 2626 746 2669 Niedner,
764 2624 846 2658 Zeitschr.

113 2685 132 2728 2)
149 2686 259 2731 Hilgenfeld,
283 2685 310 2718 die
330 2690 384 2729 apost.
402 2684 460 2727 vater,
480 2682 555 2716 liirhist
568 2682 626 2716 Tbeol.
640 2682 690 2716 1851,
703 2693 720 2725 p.
733 2682 767 2716 252
779 2694 816 2727 sqq.

91 2742 142 2776 1853.
155 2754 173 2788 p.
185 2743 226 2778 212.
