1765 2987
224 165 354 203 denarrantur
366 167 383 203 S,
396 167 523 205 POLYCARPI.
537 168 563 204 XI.
576 167 611 203 XII.
624 167 667 204 XIII.
782 172 825 214 285

64 286 148 330 carpus:
164 275 231 329 r'pnern
247 276 343 328 ntinnrr'e,
360 278 396 330 qni
411 278 516 320 redburne
529 279 621 331 aprutium
636 278 704 330 ardet,
722 291 748 319 uc
758 278 825 330 pnrrlu

61 351 113 400 post
128 346 282 398 easttnpntno=;
297 348 385 400 iprrorns
397 348 452 387 enim
462 349 519 389 illurn
529 349 597 399 p‘rrtarr'
603 349 684 400 judicii
695 355 715 390 et
725 354 825 391 aeternae

62 417 237 470 praecerperem,
259 418 295 469 qui
311 416 382 468 impiis
397 423 524 459 reserentur.
558 417 631 459 Verum
650 421 701 473 qaid
715 418 825 461 enormis?

62 484 143 536 Profer,
161 487 299 539 praeduraque
314 486 414 527 nolueris.
756 488 760 493 “

205 614 247 655 XII.
277 614 409 676 Pelpeurpns
424 613 453 654 ud
468 627 541 667 nepum
557 615 676 658 damnetur.

121 695 176 736 llaec
191 708 240 736 vero
258 701 318 750 atque
334 695 372 737 alia
388 695 444 754 plura
455 708 504 738 cum
521 697 609 750 diceret,
626 697 697 739 fiducia
714 701 734 739 et
749 696 823 751 gaudio

62 765 189 819 replebatur,
210 766 303 820 filiusque
319 765 386 807 vultus
401 765 473 818 plenus
490 767 567 819 gratiae
584 771 638 818 erat,
661 767 724 819 adeo,
745 772 767 808 ut
782 779 824 808 non

62 836 126 878 solum
143 848 184 877 non
200 836 328 886 concideret,
349 836 393 887 ipso
410 848 447 888 per
463 835 514 877 dicta
534 835 682 886 'conturbat05
700 836 737 877 sed
753 841 823 878 contra

62 906 172 960 proconsul
188 909 289 959 stuperet,
311 916 410 957 suumque
426 904 512 946 mitteret
530 917 651 959 praeconem
673 910 704 947 ter
720 906 740 946 in
756 906 823 946 medio

62 976 126 1017 stadio
142 976 319 1029 proclanmturum:
341 974 471 1027 Pelpcurpas
494 976 662 1028 consenserent,
681 976 823 1018 Cbrr'ctr'nnnm

61 1059 84 1087 se
105 1058 156 1086 ease.
188 1044 245 1092 Quod
267 1044 300 1085 ubi
321 1046 471 1097 pronuntiasset
492 1058 577 1099 praeco,
602 1046 696 1086 universa
719 1046 822 1087 mullitudo

61 1115 165 1170 gentilium
180 1127 203 1156 ac
219 1113 352 1167 Iudaeorum,
368 1115 402 1168 qui
419 1114 523 1170 Smyrnam
539 1115 662 1167 incolebant,
680 1114 776 1156 effrenata
793 1116 822 1156 ira

62 1190 81 1227 et
100 1197 173 1239 magna
193 1198 244 1226 voce
265 1185 413 1226 conclamabat:
434 1186 469 1226 bic
485 1183 619 1238 ²irnpietutie
639 1190 671 1226 est
686 1191 821 1238 praereptor,

59 1262 121 1310 puter
138 1255 320 1305 cruentatorum,
335 1255 427 1296 Deorum
443 1261 565 1297 nostrornm
582 1264 674 1306 euersor,
693 1257 729 1309 qni
746 1258 823 1298 maltos

62 1328 134 1377 docet,
159 1338 185 1366 ne
210 1325 344 1377 srrcrt'pioent,
371 1337 422 1366 neue
444 1324 503 1367 Deos
527 1326 622 1366 odorent.
651 1325 706 1367 Haec
732 1326 821 1367 dicentes

61 1396 171 1437 clamabunt
192 1396 333 1449 rogabantque
347 1394 457 1448 Philippum
474 1393 622 1447 ³Asiarcbam,
644 1400 665 1436 ut
683 1396 763 1437 leonem
783 1397 822 1437 acl-

61 1479 133 1509 versus
144 1460 275 1520 Polycarpum
291 1465 396 1507 emitteret.
428 1464 454 1506 Ac
464 1465 565 1519 Philippus
579 1465 598 1506 id
612 1465 649 1505 sibi
660 1465 721 1505 licere
732 1467 821 1520 negavit,

61 1538 107 1591 quia
129 1535 197 1578 ludum
218 1536 334 1577 bestiarium
354 1536 395 1590 Jam
417 1533 567 1588 texptevisser.
605 1536 661 1576 'Iuno
681 1535 755 1589 placuit
775 1536 820 1588 illis,

59 1619 100 1649 uno
125 1618 227 1648 consensu
250 1605 347 1656 clamare,
374 1609 394 1645 ut
416 1605 537 1659 Polycarpus
561 1604 638 1646 ⁵vivus
662 1606 820 1647 combureretur.

59 1676 149 1717 Necesse
168 1676 221 1716 enim
242 1679 295 1727 erat,
317 1679 339 1715 ut
355 1674 405 1715 visio
422 1675 454 1714 illa
471 1674 496 1715 dc
512 1675 606 1716 cervicali
621 1675 747 1728 lmplcrctnr,
769 1689 820 1729 quac

60 1747 78 1788 ei
95 1750 176 1788 ostensa
193 1745 267 1796 luerat,
288 1757 333 1785 cum
349 1745 400 1784 inter
416 1744 513 1785 orandum
529 1744 577 1785 illud
594 1745 668 1785 ardens
690 1746 779 1796 videret,
801 1748 821 1785 et

59 1828 170 1857 conversus
186 1817 210 1856 ad
226 1815 295 1857 fideles
316 1814 416 1856 adstantes
438 1815 556 1869 prophetice
575 1815 662 1857 diceret:
686 1822 770 1868 oportet
789 1828 820 1856 nae

58 1887 128 1929 uicum
144 1886 242 1928 comburi.

291 2081 341 2125 XIII.
371 2083 444 2136 Ropuc
460 2084 582 2125 erratrru'tnr.

117 2166 171 2207 Haec
186 2178 249 2220 porro
265 2166 323 2206 citius
338 2168 418 2219 peracta
434 2169 492 2215 sunt,
513 2177 571 2218 quam
586 2163 726 2217 pronuntiata,
749 2166 819 2214 cuneta

57 2237 117 2291 plebe
132 2235 238 2278 confestim
254 2248 281 2276 ex
296 2234 381 2276 officinis
396 2247 420 2276 ac
435 2235 512 2277 balneis
534 2235 589 2290 ligna
612 2240 632 2276 et
647 2238 748 2282 sarnrenta
764 2246 818 2275 con-

57 2389 74 2422 id
92 2387 187 2433 gerendum
202 2387 314 2431 eligebantur.
339 2386 383 2420 Hine
395 2392 427 2429 est,
470 2386 488 2428 4)
505 2385 530 2420 Ita
549 2386 629 2428 codices,
651 2390 696 2419 teste
714 2383 818 2427 Jacobmno,

57 2446 173 2492 quodStrabo
186 2445 277 2484 observat.
291 2445 427 2484 Asiarehasfcre
446 2446 509 2478 onusso
535 2450 625 2490 augmento
648 2442 817 2489 plusquamperfecti,

56 2503 426 2547 exTrallianisdesumtosluisse‚propter-
446 2502 491 2547 quod
513 2504 580 2547 saepius
601 2503 639 2536 lieri
657 2508 728 2536 testatur
747 2501 817 2545 Winer7

56 2574 84 2605 ea,
98 2562 143 2608 quod
156 2561 194 2605 ejus
205 2563 252 2596 urbis
260 2563 307 2596 cives
315 2561 366 2594 tutius
374 2560 426 2594 Asiae
446 2562 524 2595 Granum.
539 2563 555 2603 §.
570 2561 597 2595 12.
609 2561 629 2594 N.
644 2560 659 2594 8.
672 2569 689 2602 p.
703 2558 731 2591 69.
750 2557 777 2590 ed.
790 2556 817 2590 IV.

56 2613 180 2665 opulentissimi
190 2625 252 2654 essent.
265 2623 361 2653 Vaeusrus.
378 2618 427 2652 Idem
470 2618 490 2661 5)
502 2617 516 2651 Ε
531 2618 581 2653 codd.
593 2618 642 2652 Vind.
657 2623 674 2651 et
686 2616 776 2651 Parisicnsi
785 2613 817 2649 Ja-

55 2678 88 2712 iste
106 2678 193 2723 Philippus
213 2679 256 2711 inira
276 2689 290 2711 e.
306 2676 327 2711 21
348 2673 427 2721 ἆρχιερεὺς
445 2675 532 2709 cobsonus
543 2677 621 2720 reposuit
634 2676 691 2716 ζῶντα.

58 2735 153 2781 Τραλλιανὸς
165 2735 265 2782 appellatur.
284 2737 381 2770 Jaoouson.
