1789 2987
97 167 132 209 uu
387 159 559 197 Pautssdoturnn.
690 169 693 172 ’
720 160 854 208 [EPISTULAE

154 269 287 311 Posteriorum
302 268 380 308 Patrum
397 268 520 320 testimonia,
542 269 594 310 inter
615 280 637 309 ea
657 267 725 309 decem
741 270 854 312 testimonia

96 339 227 389 Tlreodorell,
250 337 300 391 apud
318 337 441 379 Gallandium
464 344 484 380 et
500 339 621 382 Cotclerimn
642 344 738 395 congesta
754 340 852 382 invenies.

90 412 123 459 ‚De
138 409 251 449 testimonio
266 409 395 463 Hieronymi,
412 409 561 463 Clrrysostomi,
583 411 706 453 Tlreodoreti
727 415 747 450 et
768 410 852 452 aliorum

93 480 128 521 clr.
143 477 244 530 Peorscn,
259 480 363 520 Vindiciae
378 479 397 520 P.
414 479 427 520 Ι.
444 493 460 520 c.
477 481 491 522 2
508 486 527 521 el
543 493 559 521 c.
578 477 596 520 9.

150 547 176 602 3)
193 548 283 590 Baurins'
297 549 411 601 contendit,
432 550 529 604 lgnatinm
550 551 664 593 omnimodo
685 551 705 592 in
727 550 757 591 lris
773 550 851 603 litteris,

91 625 131 661 tum
145 619 199 673 justo
216 619 320 661 fervidiori
336 619 436 661 desiderio
458 621 558 674 martyrii,
579 625 619 662 lum
641 623 716 663 absona
737 621 851 662 humilitatis

92 695 112 731 ct
127 689 236 731 modestiae
252 704 296 731 cum
310 691 420 744 jactatione
436 695 455 731 et
471 692 564 745 superbia
586 679 729 745 conjonctione
749 705 772 733 se
793 692 851 733 talem

91 762 196 815 praebere,
211 764 233 801 ut
248 761 353 814 apostolici
370 761 407 802 riri
423 762 508 816 vestigia
524 762 592 804 nullibi
608 761 781 816 delegas,‘srctarn
799 775 851 804 vero

91 844 198 885 personam
214 830 271 872 laclle
287 831 383 884 reperias.

178 903 251 943 Verum

150 972 174 1029 a]
192 973 301 1027 Singularis
317 972 376 1013 animi
392 972 447 1014 calor
461 977 480 1014 ct
495 975 607 1026 commotio,
624 974 736 1015 inalleclata
751 979 770 1015 et
785 973 851 1015 nativa

91 1058 114 1087 se
125 1044 238 1099 praebendi
248 1044 306 1095 ratio,
323 1043 435 1084 omnimoda
447 1044 551 1085 sinceritas
563 1049 582 1085 et
596 1045 717 1098 simplicitas,
733 1045 851 1098 scriptorem

91 1130 116 1158 ex
127 1116 194 1157 intimo
208 1115 269 1156 corde
281 1116 342 1156 verba
354 1127 390 1155 sua
402 1114 545 1168 proferentem,
562 1127 602 1155 non
614 1114 713 1155 falsarium
727 1114 814 1168 produnt
824 1111 850 1168 ¹).

89 1187 179 1240 Inprimis
195 1198 255 1227 nemo
270 1185 363 1226 falsarius
384 1186 509 1239 praeclarum
529 1185 575 1225 illud
597 1198 640 1239 cap.
655 1185 680 1226 lV
697 1185 720 1226 ad
737 1185 850 1226 Trallianos

90 1258 217 1310 scripsisset,
238 1257 272 1298 ubi
292 1256 379 1310 lgnatius
401 1260 469 1309 aperte
489 1260 582 1308 testatur,
605 1260 730 1310 quantopere
752 1256 802 1309 ipsi,
826 1255 850 1296 ad

91 1339 186 1367 coronam
202 1328 290 1381 martyrii
304 1328 432 1381 properanti,
454 1327 547 1380 superbia
567 1326 664 1380 quaedam
683 1327 708 1367 sit
729 1327 849 1381 periculosa.

90 1396 111 1436 ln
133 1397 236 1438 fervidiori
258 1399 309 1438 enirn
330 1398 419 1451 martyrii
439 1396 540 1438 desiderio
561 1396 654 1439 falsarius
675 1398 759 1452 gloriam
781 1397 849 1438 herois

91 1468 122 1508 sui
137 1468 257 1521 posuisset'

149 1537 175 1593 b)
191 1538 270 1579 Revera
281 1538 360 1578 minime
371 1537 429 1578 nobis
440 1537 510 1577 mirum
521 1536 605 1588 videtur,
616 1538 633 1578 si
644 1538 738 1594 IgnatiuS,
753 1549 848 1579 coronam

89 1609 178 1662 martyrii
199 1612 330 1661 exspectans,
353 1607 422 1648 eadem
445 1607 486 1658 vla,
509 1620 547 1660 qua
562 1608 646 1661 Paulus,
666 1609 749 1650 Rolnam
770 1608 847 1660 ductus,

89 1692 100 1719 a
115 1679 209 1719 fratribus
226 1679 287 1732 longe
303 1678 383 1731 lateque
399 1678 494 1718 salutatus
505 1677 637 1731 laudibusque
649 1683 738 1730 orricius,
755 1677 848 1719 fervido-

89 1762 128 1802 que
145 1762 193 1802 crga
210 1749 308 1789 Christum
325 1760 394 1789 amore
409 1747 505 1802 flagrans,
524 1748 638 1791 vehementi
655 1749 741 1803 quodam
758 1748 848 1802 martyrii

87 1818 188 1860 desiderio
205 1819 288 1859 ardebat
299 1817 326 1874 Ἰ).

146 1890 170 1943 c)
187 1882 289 1929 Abscnarn
305 1888 433 1928 humilitatem
444 1888 528 1928 Baurius
539 1887 558 1927 in
570 1888 593 1928 iis
604 1888 655 1928 locis
672 1889 774 1930 detexisse
784 1894 846 1943 putat,

88 1960 121 2001 ulii
136 1959 225 2011 Ignatius
241 1945 264 1998 se
281 1959 345 2011 ipsum
360 1958 465 1998 carinianum
481 1961 500 1997 et
516 1957 625 2009 indiqnann
640 1958 749 2011 praedicat,
768 1963 788 1998 et
803 1971 847 1999 curn

87 2029 183 2068 Diaconis
195 2031 276 2077 tantum,
287 2040 328 2067 non
339 2039 383 2067 cum
394 2027 499 2080 Episcopis
510 2039 533 2067 sc
545 2032 657 2080 caniparatg
674 2014 691 2068 c.
702 2042 721 2081 g.
734 2028 758 2068 ad
770 2028 846 2082 Smyrn.

89 2111 105 2138 c.
124 2097 148 2139 ll
166 2102 186 2137 et
203 2095 241 2146 1¹23
263 2096 287 2136 ad
302 2097 358 2137 Rom.
381 2109 397 2142 c.
413 2097 427 2137 4
443 2102 463 2136 et
479 2094 504 2146 93
527 2096 551 2135 ad
567 2096 639 2150 Eplres.
662 2109 678 2137 c.
695 2097 708 2139 8
724 2103 744 2138 el
762 2097 799 2149 183
822 2098 846 2139 ad

88 2168 148 2209 Trall.
168 2180 184 2207 c.
208 2165 246 2216 13,-
268 2167 292 2207 ad
308 2166 382 2207 Plrilad.
403 2179 419 2207 c.
437 2164 463 2216 d;
485 2165 509 2206 ad
530 2166 596 2221 lllagn.
618 2180 635 2208 c.
651 2165 670 2208 2.
702 2168 741 2210 Sed
763 2169 846 2210 eandem

87 2239 216 2279 humilitatem
237 2236 282 2277 divo
305 2250 385 2290 quoque
400 2237 460 2278 Paulo
481 2236 582 2290 propriam
602 2236 665 2278 luisse
683 2238 731 2279 cxl
748 2238 793 2280 Cor.
812 2237 845 2291 lb,

87 2307 173 2359 8-10,
188 2307 261 2360 Eplres
279 2305 298 2357 3,
315 2305 334 2347 8.
351 2312 370 2347 et
386 2307 453 2347 lTim.
466 2304 484 2358 l,
498 2304 588 2348 12-13.
599 2309 716 2362 perspicies.
742 2309 781 2350 cn.
794 2309 845 2350 Ull-

86 2380 148 2430 born,
165 2379 177 2419 l.
194 2391 210 2418 c.
226 2391 245 2431 p.
262 2376 304 2419 310
321 2389 350 2430 sq.

145 2448 170 2503 d)
187 2448 271 2489 Jaclalio
287 2452 307 2488 ct
317 2447 417 2500 superbia,
434 2446 544 2500 apostolico
556 2447 599 2489 viro
611 2448 713 2501 indecora,
728 2449 749 2490 in
763 2461 844 2504 cogno-

86 2520 138 2560 mine
152 2511 267 2575 Ococpo'qog
278 2518 363 2558 inveniri
375 2530 414 2558 non
426 2521 497 2570 potest.
522 2517 652 2571 Temporibus
665 2520 716 2559 enirn
728 2519 844 2572 apostolicis

85 2589 153 2641 plures
175 2588 262 2629 fidelium
284 2589 356 2629 talibus
377 2587 492 2628 honorificis
512 2589 625 2629 nominibus
646 2575 684 2641 ipsi
699 2594 744 2630 sunt
760 2590 802 2641 usi,
823 2593 844 2629 ut

110 2680 128 2721 l)
142 2678 454 2726 CluRotlrc,rlnl.etc.p.718sqq.
497 2680 515 2721 2)
536 2680 569 2714 Cle.
588 2682 654 2723 Bolbe,
674 2680 684 2714 l.
703 2691 718 2715 c.
736 2692 752 2725 p.
766 2680 805 2715 722.
826 2684 844 2713 et

85 2736 166 2783 Ilnllrer,
180 2738 191 2773 l.
205 2751 219 2774 c.
475 2740 559 2785 Ulillrorn,
572 2739 584 2773 l.
598 2750 612 2774 c.
625 2750 641 2783 p.
655 2739 688 2774 312
701 2750 727 2783 sq.
