1765 2987
72 186 89 222 s.
103 184 201 230 rennui]
256 165 259 170 ’
365 184 535 221 rnoineouuur
765 188 832 224 ixxm

72 294 196 345 epissemas,
219 297 239 333 et
252 291 342 345 'panibus
355 290 420 342 flexis
434 294 539 347 mtrltapae
555 296 650 337 araneae
665 295 791 346 Dominam,
809 301 833 336 nt

70 376 111 403 nos
121 363 216 415 infirmos
227 362 252 402 de
263 361 298 411 as,
315 360 438 414 quaefacta
447 361 540 414 fuerant,
557 371 625 407 certas
634 366 723 417 faceret,
738 378 831 407 essenzas

69 434 152 484 precati
163 437 200 473 etc.
232 430 252 473 Si
268 431 320 471 enim
335 431 387 471 baec
402 431 459 483 facta,
475 432 559 475 Grabius
570 435 640 488 inquit,
657 436 735 488 ipsimet
746 439 829 489 specta-

70 506 125 542 tores
147 501 209 543 oculis
229 505 387 553 usurpaverant,
409 501 454 553 qnid
476 514 526 554 opus
548 508 602 555 erut,
623 504 739 544 ulteriorem
761 506 786 545 de
805 506 829 546 iis

70 571 208 612 certitudinem
225 570 297 609 alteo
309 569 430 622 postulare?
446 593 474 599 -
490 569 530 612 Sed
542 571 626 613 Grabius
642 585 738 626 graecum
753 577 828 613 textum

69 642 120 682 male
135 642 277 693 interpretatus
288 639 338 679 bueo
349 639 434 692 objecit;
451 632 560 682 adederat
575 641 627 681 enim
639 641 717 683 illinon
730 642 755 682 de
766 647 829 683 morte

68 710 145 764 Ignatii,
162 709 198 750 sed
215 709 240 749 de
257 721 282 749 eo
298 709 396 749 certiores
412 709 455 749 fieri
471 709 572 760 uolebant,
592 722 638 750 nuni
655 712 769 763 martyrium
786 712 830 764 ejus

68 781 112 821 Deo
128 784 184 820 esset
200 783 309 832 acceptum,
326 782 346 819 ut
360 780 401 833 jam
418 778 507 820 Clericus
523 780 599 820 monuit
611 777 638 834 ¹).

128 848 151 904 e)
167 849 246 891 Falsum
263 861 309 890 esse
325 848 427 890 contendit
438 848 529 900 Grabins,
546 849 599 902 qrrod
614 862 630 890 o.
643 849 655 889 t
669 850 757 903 Ignatius
769 863 829 892 mor-

67 925 113 961 tuus
134 919 197 960 fuisse
217 910 293 959 dicatur
314 918 435 959 corrsalt'bas
451 920 510 970 aprtd
523 919 630 960 llornanes
647 920 722 961 lteram
738 920 794 961 Sena
810 927 830 961 et

67 989 193 1040 Senecione,
216 989 228 1029 i.
245 1002 261 1030 e.
284 1001 336 1030 enno
361 986 408 1029 lot.
439 987 524 1030 Grabius
543 988 606 1040 enim,
629 992 649 1029 ut
670 1000 730 1042 supra
751 1001 770 1042 p.
786 990 829 1030 XLI

67 1059 158 1111 vidimus,
175 1071 233 1100 unam
249 1054 322 1099 tanturn
335 1057 414 1111 TraJ'eni
430 1056 578 1110 expeditionem
589 1057 699 1098 Parthicum
714 1058 827 1110 admittens,

67 1132 150 1170 mortem
172 1128 191 1172 S.
213 1128 306 1183 Martyris
327 1139 380 1169 anno
403 1124 444 1168 116
466 1126 578 1180 adscripsit.
607 1126 651 1167 Nos
674 1132 744 1168 contra
767 1129 827 1169 tutius

66 1199 188 1253 putavimus,
204 1199 260 1240 alleri
276 1198 376 1239 accedere
391 1198 514 1251 sententiae,
533 1209 585 1251 quae
600 1197 698 1251 lgnutium
715 1211 766 1240 enno
785 1198 825 1241 tot

66 1281 78 1309 e
93 1268 145 1309 vivis
162 1267 275 1308 decessisse
292 1270 367 1308 censet.
831 1323 833 1327 r

126 1336 151 1395 d)
168 1338 260 1393 Objeetio
276 1337 364 1390 Usserii,
381 1336 460 1378 detecto
477 1337 587 1392 exemplari
602 1350 678 1392 graeco
695 1338 767 1392 diluta,
786 1340 827 1395 jam

66 1422 77 1450 a
89 1408 161 1450 Grebio
173 1413 204 1450 est
215 1409 294 1450 omissa.
325 1408 419 1449 Usserius
434 1409 455 1448 in
471 1408 542 1449 codice
553 1408 632 1449 Caiensi
646 1409 727 1464 legebat
739 1408 768 1464 [o.
780 1408 826 1465 43:

63 1492 104 1531 per
121 1480 328 1531 praecedentes
352 1479 434 1521 lateras
456 1480 539 1532 pratt'as
562 1475 638 1533 opens,
663 1481 775 1533 appositas
798 1481 827 1522 od

65 1550 125 1602 ipsus
140 1554 177 1591 etc.
209 1550 259 1591 Hinc
274 1550 305 1591 vir
321 1550 448 1591 doctissimus
465 1550 574 1602 conclusit,
592 1555 713 1604 postremam
729 1554 826 1591 Actorum

64 1625 143 1673 partem
159 1621 182 1661 ab
199 1620 232 1661 illo
249 1621 348 1674 scriptore
363 1621 427 1661 seculi
438 1621 500 1673 quinti
512 1633 558 1662 esse
570 1621 688 1674 conlectam,
705 1623 739 1675 qui
751 1635 826 1677 graeca

63 1689 115 1731 Acta
131 1690 151 1731 in
162 1689 252 1731 Latinum
267 1701 381 1732 sermonem
397 1691 502 1743 transtulit,
518 1691 670 1744 exemplariqoe
683 1703 720 1732 suo
732 1691 825 1747 syllogen

64 1759 193 1812 epistolarum
209 1760 279 1813 Ignatii
294 1761 422 1812 praeposuit3
445 1773 503 1812 quam
521 1762 680 1812 praecedentem
695 1761 824 1813 epistolarum

63 1829 157 1883 syllogen
180 1830 248 1871 verbis
271 1829 321 1870 illi's:
345 1830 497 1881 praecedentes
520 1831 602 1871 litteras
625 1829 709 1870 indicari
730 1830 823 1872 Usserius

62 1899 174 1952 suspicatos
189 1904 225 1940 est.
252 1900 292 1943 Sed
303 1912 388 1954 graeca:
448 1897 485 1941 duct
496 1902 539 1940 τῶν
549 1895 680 1955 ἡγουμένων,
695 1893 824 1955 γραμμάτων

61 1958 198 2026 εὐχαρίστων
209 1966 378 2026 ἐκπεμφθέντων
391 1984 408 2009 ν..
420 1984 439 2009 τ.
454 1967 472 2009 λ.
488 1970 515 2011 ite
529 1969 640 2011 reddantur
656 1974 746 2023 oportet:
762 1975 824 2022 atque

62 2040 165 2090 ecelesiis,
183 2053 237 2093 qaue
253 2040 294 2092 e'psr'
302 2054 342 2093 per
352 2046 446 2081 rectores
458 2032 602 2096 (ἡγουμένων)
615 2052 666 2080 snos
677 2044 822 2090 occurrerant,

61 2111 176 2151 mercedem
191 2110 295 2162 redderet,
310 2110 393 2163 pretias
407 2123 472 2162 apens
486 2110 563 2150 litteris
575 2101 730 2165 (γραμμάτων)
743 2110 772 2150 ad
787 2122 824 2150 eas

60 2179 131 2220 missis
147 2177 208 2235 (Cod.
226 2181 316 2222 Gelensis
332 2180 394 2220 mele:
411 2180 522 2232 appositas
537 2180 566 2220 aa
581 2177 659 2233 tpsus).

121 2250 186 2298 Quum
196 2263 231 2292 res
242 2252 268 2292 ite
279 2263 302 2292 se
313 2250 390 2300 lrabeat,
407 2249 517 2304 objectioni
527 2249 604 2290 Usserii
619 2248 692 2289 nullam
703 2248 742 2289 vim
753 2247 822 2289 inesse

61 2319 119 2360 facile
134 2321 256 2374 perspicies,
273 2333 339 2373 neque
355 2320 381 2360 de
397 2320 518 2373 intepretata
533 2320 629 2361 Actorum
648 2319 758 2370 dubitabis,
774 2319 822 2360 lieet

60 2388 147 2432 fortasse
163 2391 281 2444 paucissima
297 2390 401 2444 quaedam,
417 2394 451 2431 ant
466 2390 514 2432 vitio
529 2389 657 2432 librariorum
671 2392 771 2442 corrupta,
788 2392 821 2429 aot

59 2460 150 2502 manibus
166 2450 301 2515 posteriorum
317 2459 383 2502 addita
399 2460 445 2502 sint.

118 2530 141 2571 V.
171 2530 256 2573 Exstant
274 2531 406 2583 interpolata
425 2542 506 2584 quoque
528 2534 572 2571 acta
592 2528 683 2582 blarnyrii
703 2527 722 2570 S.
741 2526 819 2581 Ignatii,

60 2611 125 2653 eaque
140 2600 193 2642 inter
208 2614 232 2642 se
247 2602 339 2643 diversa:

83 2750 102 2794 t)
114 2749 159 2784 Vide
171 2755 228 2785 notam
241 2751 251 2784 6
264 2751 286 2785 ad
299 2762 314 2785 c.
328 2751 338 2785 7
351 2750 419 2796 blartpr.
432 2751 486 2797 lgnat.
499 2752 542 2786 infra
555 2763 572 2796 p.
586 2751 626 2785 255,

640 2809 656 2851 Ε
665 2809 678 2834 a
