1765 2987
175 191 258 228 tanath
269 190 376 228 EPISTULA
389 192 419 229 ΑΙ)
433 194 571 258 sntrpnnaos.
585 196 604 231 V.
616 196 644 231 vt.
658 194 694 232 vn.
772 195 815 242 227

60 299 122 341 ¹Nam
139 304 158 340 et
175 299 200 341 de
215 302 273 342 nobis
289 301 342 342 idem
354 304 448 345 sentiunt.
474 304 544 355 ²ounl
555 308 607 348 enim
619 307 665 347 mihi
675 306 765 362 prodest,
782 304 816 348 ³si

57 370 102 423 quis
113 382 144 410 inc
154 370 227 423 laudet,
243 371 349 412 Dominum
360 377 424 414 autem
435 389 500 416 meum
511 377 640 431 blasphemet,
658 376 815 419 4eum'carnem

56 440 176 481 assumsisse
186 442 281 494 negans?
307 442 345 491 Qui
359 456 408 485 vero
422 446 441 486 id
455 459 496 487 non
510 448 620 501 profitetur,
636 448 653 488 is
669 460 753 503 prorsus
769 461 814 489 eum

55 511 147 563 negavit,
168 511 211 563 ipse
231 511 290 552 funus
310 517 397 567 portans.
427 517 513 558 Nomina
530 531 580 559 vero
596 530 678 570 eorum,
699 531 758 571 quum
775 519 815 559 sint

55 580 149 633 infidelia,
165 593 205 622 non
217 582 281 623 visum
292 584 339 624 mihi
352 589 383 626 est
397 588 492 628 scribere.
522 587 547 628 Et
562 588 613 629 absit
628 602 638 629 a
655 601 693 641 me,
708 593 730 629 ut
745 602 814 630 eornm

55 651 177 691 mentionem
198 651 279 705 faciam,
300 654 365 695 donec
386 654 532 698 5revertantur
552 658 578 698 ad
599 658 715 710 passionem
735 658 815 710 Christi,

56 734 108 775 quae
124 726 155 763 est
169 727 239 764 nostra
254 725 384 767 resurrectio.

55 852 85 892 VI.
117 852 158 902 Qui
173 866 217 894 aon
234 854 301 894 credit
320 854 343 893 in
361 854 485 907 accendissem
502 856 592 908 chriso,
609 857 755 910 judicabitur,
776 857 816 899 etsi

106 923 193 975 capetus
210 930 269 964 essen
299 923 420 965 Hoer'eticis
436 926 484 966 istis
500 926 562 967 etium
577 927 666 968 virtutes
683 928 763 968 desunt.

113 1005 177 1047 Nemo
199 1011 258 1047 erret.
289 1004 333 1048 6Et
353 1007 370 1048 si
392 995 503 1061 coelestes,
526 1013 545 1050 ot
561 1010 625 1065 gloria
644 1010 773 1065 angelorum,
795 1015 815 1051 et

54 1076 154 1129 principes
169 1077 258 1118 visibiles
275 1082 295 1117 et
306 1078 414 1119 invisibiles
425 1091 465 1120 non
479 1078 562 1120 credant
572 1080 592 1121 in
603 1080 721 1134 sanguinem
735 1080 814 1129 Christi,

55 1142 94 1186 ⁷et
111 1146 149 1200 ipsi
166 1147 314 1201 judicabuntur.
351 1145 414 1198 ⁸Qnt
434 1162 510 1201 capere
529 1155 610 1201 potest,
635 1152 712 1202 captat.
747 1150 814 1190 Locus

53 1216 152 1257 neminem
168 1216 250 1268 efferat;
266 1222 328 1260 totum
344 1220 396 1259 enirn
412 1224 442 1260 est
458 1218 507 1260 hdes
523 1223 543 1259 et
554 1220 646 1271 charitas,
662 1216 752 1273 ⁹qnihns
766 1218 815 1259 nibil

53 1288 193 1340 praestantius.
224 1287 355 1330 Considerate
371 1301 420 1330 vero
437 1300 480 1341 eos,
497 1290 531 1342 qui
547 1291 571 1330 de
587 1290 652 1343 gratia
667 1288 718 1329 iesu
734 1288 813 1340 Christi,

54 1370 105 1411 quae
116 1357 141 1398 ad
152 1369 189 1399 eos
200 1358 260 1411 venit,
277 1358 360 1399 ahenam
372 1359 487 1413 opinionem
499 1364 584 1412 tuentur,
601 1358 703 1412 quomodo
719 1359 815 1400 contrarii

53 1429 92 1469 sint
108 1427 187 1470 divinae
203 1428 306 1471 voluntati.
336 1429 382 1471 Non
398 1430 484 1471 charitas
500 1430 529 1471 eis
546 1442 607 1471 curae
628 1434 670 1481 est,
691 1441 732 1470 non
748 1428 814 1481 vidua,

53 1511 93 1540 non
105 1499 183 1553 pupilla,
195 1511 235 1541 non
247 1512 363 1553 oppressus,
379 1514 421 1543 non
431 1501 510 1543 vinctus
522 1501 555 1543 vei
565 1501 650 1553 solutus,
665 1513 707 1542 non
721 1499 814 1542 esuriens

54 1569 87 1610 vel
102 1569 179 1611 sitiens.

49 1698 91 1755 *vlt
121 1698 281 1756 Haereticiistc'
297 1699 402 1741 abstinent
416 1701 442 1741 ob
458 1699 609 1750 EncIanristin,
634 1712 719 1741 carmem
735 1699 814 1741 Oicristi
874 1704 876 1707 “

189 1783 234 1810 earn
250 1782 295 1811 esse
311 1776 417 1824 necantes.
448 1771 579 1812 accedamus
595 1769 622 1810 ob
637 1769 672 1810 iis.

112 1848 128 1875 ¹⁰
135 1850 165 1893 Ab
182 1851 301 1893 eucharistia
316 1856 336 1893 et
349 1853 441 1894 oratione
457 1850 474 1875 ¹¹
483 1851 588 1904 abstinent,
604 1863 629 1892 eo
641 1850 695 1904 quod
707 1862 748 1891 non
759 1862 812 1891 con-

51 1952 102 1999 Corp.
115 1954 169 2001 ignat.
181 1965 199 2000 p.
212 1955 246 1988 219
259 1930 277 1989 et
289 1955 342 1999 219);
362 1953 378 1993 ὃς
389 1954 423 1988 ἐστι
441 1956 511 1999 incipit,
524 1954 555 1989 sed
567 1955 610 1988 haec
621 1955 679 1999 utique
687 1953 740 1988 mutto
749 1953 812 1987 arctius

51 2011 95 2050 Θεὸς.
357 2053 365 2056 ,
441 2024 478 2047 cum
495 2015 526 2057 iis,
546 2024 590 2059 quae
606 2022 657 2057 supra
672 2012 694 2045 de
706 2011 813 2046 Eucharistia

73 2071 92 2114 8)
106 2071 164 2106 hiatth.
178 2072 206 2116 19,
221 2072 248 2106 ia.
441 2071 548 2114 dictasunt,
566 2071 659 2105 cohaerent
675 2075 693 2103 et
708 2069 778 2103 minime
791 2068 812 2102 ab

73 2129 92 2172 9)
106 2129 140 2164 cn.
154 2130 176 2163 ad
188 2131 245 2175 hiagn.
259 2142 274 2165 o.
289 2129 304 2164 1.
440 2130 465 2163 eis
479 2130 538 2164 diuelli
549 2135 627 2175 possunt.

62 2188 91 2230 10)
110 2190 231 2224 Theodoretrm
257 2187 309 2232 (Dial.
327 2187 355 2221 ΙΙΙ.
376 2188 387 2222 l.
406 2200 420 2222 c.
453 2187 484 2229 11)
499 2190 601 2224 Uhthomme
621 2187 645 2231 tin
657 2188 744 2229 Nicanor,
763 2184 812 2219 Zeit-

48 2256 66 2289 p.
74 2245 123 2288 231),
137 2247 165 2291 qui
174 2245 219 2280 hunc
227 2246 284 2281 locum
294 2245 358 2290 iaudat,
369 2247 420 2292 legit:
439 2245 498 2279 schrift
506 2245 534 2279 tm
541 2245 599 2279 histor.
609 2244 668 2279 Theol.
681 2243 731 2277 1851.
745 2255 761 2288 p.
768 2243 811 2287 288)

48 2301 149 2349 εὐχαριστίας
170 2305 197 2335 καὶ
218 2301 308 2348 προσφοράς
327 2302 356 2336 οὐκ
376 2303 421 2338 dno-
440 2304 461 2337 ad
474 2303 528 2337 verba
540 2302 597 2348 cap-8
609 2300 660 2344 ἐκείνη
672 2302 733 2344 βεβαία
745 2298 812 2344 εὐχαρι-

49 2359 131 2405 δέχονται.
149 2362 198 2395 Hanc
206 2362 299 2396 lectionem
307 2368 364 2396 tuetur
372 2366 420 2409 Ldf-
439 2363 477 2393 στιά
501 2359 572 2406 >fyrinae
596 2361 690 2405 respiciens
713 2359 811 2393 contenditt

49 2421 97 2463 itas,
115 2422 209 2466 Litmpih,
229 2419 247 2455 T.
260 2420 273 2455 1.
290 2432 307 2465 p.
321 2420 349 2454 77.
373 2421 421 2455 lianc
440 2420 536 2454 haereticos
556 2420 599 2453 istos
619 2429 654 2452 non
673 2418 771 2452 omnimode
789 2417 810 2451 ab

48 2478 142 2512 sectionem
152 2475 260 2522 (εὐχαριστίας
274 2497 294 2504 -·
308 2475 376 2525 ἤγειρεν)
389 2478 420 2512 Ja—
439 2478 545 2512 Eucharistia
554 2478 662 2519 abstinuisse,
675 2476 706 2511 sed
719 2474 739 2509 ab
750 2476 809 2510 eccle-

48 2536 134 2571 cobsonus
151 2536 202 2580 capiti
219 2536 330 2570 antecedenti
345 2536 419 2579 addidit;
438 2538 516 2572 aioetica
528 2535 635 2569 eucharistia.
657 2533 752 2567 Docetismi
765 2533 810 2567 enim

48 2596 153 2638 „arctissime
161 2595 206 2628 euim
214 2593 358 2629 cohaerenthaec
366 2605 419 2639 prae·
438 2593 532 2626 fautoribus
553 2604 595 2627 caro
614 2591 676 2625 Christi
697 2596 715 2624 et
732 2593 810 2635 anitquis

48 2652 167 2687 cedentibus.“
185 2651 420 2698 Jacohsonusitaquecaput
438 2650 474 2694 ejus
487 2649 591 2684 offendiculo
607 2655 660 2683 erant.
685 2648 719 2693 Ipsi
735 2647 810 2683 sortasse

47 2716 127 2745 octauum
142 2722 152 2744 a
166 2710 223 2745 verbis
237 2709 259 2742 Oi
270 2707 299 2741 οὖν
311 2708 420 2754 ἀντιλέγοντες
438 2707 541 2742 eucharistia
566 2708 636 2752 propria
661 2706 763 2749 utebantur,
791 2711 810 2740 ut

47 2768 67 2809 τῇ
75 2766 127 2813 δωρεᾷ
134 2770 164 2802 τοῦ
174 2767 216 2801 Θεοῦ
227 2767 246 2812 [i.
254 2778 269 2801 e.
277 2766 419 2812 Eucharistiae),
438 2765 516 2811 Ophitae.
541 2764 576 2800 Cir.
590 2767 678 2812 Epiphan.
692 2764 739 2799 haer.
753 2764 783 2808 37,
792 2763 809 2799 5.

619 2825 668 2869 rsa
