1765 2987
265 162 278 197 l.
292 162 415 198 CLEllENlIS
428 163 459 199 AD
473 165 522 200 COR.
535 165 553 200 L.
565 165 592 201 LI.
767 168 809 209 123

51 271 136 314 Oremus
153 271 214 325 igitur
230 275 249 312 et
264 276 354 327 petamus
373 272 411 313 ¹ab
424 274 475 316 illius
486 274 630 325 misericordia,
647 278 668 315 ut
681 274 701 314 in
713 272 810 314 charitate

49 343 148 391 vivamus,
164 343 207 383 sine
222 343 360 396 propensione
377 343 442 396 aliqua
453 344 544 395 lrunrana,
561 351 580 385 et
593 346 692 400 inculpati.
719 335 809 385 2Gene-

49 413 138 452 rationes
150 424 219 453 omnes
231 410 271 453 ³ati
282 412 344 453 Adam
355 425 419 466 usque
430 415 449 455 in
458 415 576 456 hodiernum
588 416 638 456 diem
648 417 796 471 praeterierunt
801 429 808 466 3

50 483 83 533 qni
100 494 148 521 vcro
165 495 201 535 per
217 482 254 521 Dei
270 483 352 535 gratiam
370 484 388 522 in
405 483 500 524 charitate
516 491 562 526 sunt
579 487 720 535 consummati,
742 487 807 527 locum

49 553 127 605 piorum
145 552 245 602 obtinent„
257 558 277 592 et
288 553 307 592 in
319 551 433 592 visitatione
448 557 507 608 regni
519 554 590 595 Christi
606 554 807 596 tinamtestanuntur.

50 623 147 675 Scriptum
164 624 215 662 enim
233 627 275 663 est:
295 620 423 674 ⁵inpredere
439 623 462 663 in
479 624 576 664 cubiculo
590 626 701 676 preadictum
719 622 808 678 ‘iquore-

49 693 207 745 tuleuncuupue,
230 693 296 733 donee
311 693 345 732 irc
359 705 406 732 arico
426 698 446 731 ei
465 695 529 746 furor
547 700 697 745 pertranseam
720 691 758 735 ⁷et
772 709 808 735 re-

50 763 155 804 cordabor
176 764 218 803 diei
240 763 301 813 bont,
325 767 344 802 et
363 762 471 803 suscitabo
492 777 531 804 cos
551 778 561 804 e
583 766 702 815 sepulchris
724 765 806 805 cestris.

48 832 103 872 Beati
118 845 193 884 sumus,
210 833 283 884 dilecti,
299 834 316 872 si
332 837 439 885 praecepta
452 833 530 873 Domini
545 836 565 874 in
583 835 684 875 charitatis
698 835 806 876 concordia

48 903 207 956 impleverimus,
229 908 250 943 ut
265 915 302 957 per
322 899 456 944 8charitatem
478 908 560 956 peccata
582 901 670 945 ⁹nostra
691 905 750 945 nonis
772 918 808 945 re-

47 974 154 1013 mittantur.
186 974 284 1026 Scriptum
301 973 352 1013 enim
369 977 410 1013 est:
428 969 445 995 ¹⁰
456 973 517 1024 detali,
535 986 624 1026 pacorum
641 975 742 1015 remissae
758 979 809 1015 sant

25 1034 27 1037 ’
48 1043 177 1095 iniprtitutes,
194 1049 215 1083 et
225 1056 314 1095 peteretne
324 1049 379 1083 tectu
389 1047 439 1083 soret
445 1049 541 1096 peccato,
572 1043 651 1084 Beatos
662 1045 703 1094 cir,
721 1043 737 1068 ¹¹
748 1046 808 1096 cujus

47 1119 154 1164 peccatam
164 1114 267 1154 Dominus
282 1126 324 1153 reon
340 1112 455 1165 imputabit,
471 1126 538 1166 nepae
554 1119 585 1155 est
600 1114 623 1153 in
634 1128 670 1155 ore
682 1115 728 1166 ejus
740 1115 807 1155 dolas.

18 1197 20 1201 ’
48 1184 103 1224 Haec
123 1184 249 1224 beatitudinis
270 1183 392 1237 praedicatio
414 1183 438 1223 ad
459 1196 495 1224 eos
515 1184 614 1236 pertinet,
637 1185 671 1236 qui
686 1196 722 1237 per
738 1184 807 1224 lesum

49 1252 148 1293 Christum
164 1254 270 1293 Dominum
290 1258 381 1293 nostrum
397 1265 407 1293 a
424 1253 467 1294 Deo
489 1258 535 1294 sunt
557 1253 627 1305 electi,
648 1255 680 1294 cui
698 1255 724 1294 sit
742 1255 807 1310 gloria

48 1324 68 1363 in
84 1323 153 1364 secula
168 1323 289 1366 seculorum.
319 1321 390 1364 Amen.

47 1522 77 1564 LI.
102 1522 196 1563 Dissidet
206 1523 329 1576 participes,
344 1523 469 1574 praesertim
483 1528 587 1574 auctores,
605 1523 745 1576 confiteantur
758 1534 808 1574 pec-

285 1625 287 1627 .
337 1597 405 1633 cotum
420 1594 520 1645 ipsorum.

110 1674 246 1727 Quaecunque
267 1675 328 1727 igitur
347 1687 385 1728 per
405 1675 481 1727 aliquas
503 1673 614 1714 adversarii
638 1672 654 1697 ¹²
664 1673 808 1726 suggestiones

51 1741 180 1795 deliquimus,
197 1744 275 1784 veniam
291 1749 311 1784 et
325 1745 468 1799 indulgentiam
484 1744 613 1797 imploremus
619 1758 624 1792 ;
647 1744 675 1784 illi
690 1755 753 1795 vero,
776 1743 810 1795 [pri

50 1813 155 1854 seditionis
170 1818 190 1854 et
206 1814 337 1856 dissensionis
353 1815 454 1869 principes
471 1814 596 1865 exstiterunt,
613 1825 738 1853 communem
752 1824 808 1865 spem

50 1883 181 1936 contemplari
201 1883 280 1924 debent.
311 1885 350 1933 Qui
373 1885 426 1925 enim
447 1885 468 1925 in
492 1885 563 1924 timore
587 1887 608 1923 et
629 1883 725 1938 charitate
749 1883 809 1922 vitam

51 1953 133 2007 degunt,
149 1965 172 1994 se
187 1954 243 2008 ipsos
259 1955 324 2008 potius
341 1968 399 2009 quam
417 1955 519 2007 proximos
536 1954 557 1994 in
576 1950 592 1983 ¹³
603 1953 703 1993 cruciatus
719 1951 809 1992 incidere

50 2023 126 2074 irolunt,
143 2027 162 2062 et
177 2035 200 2064 se
215 2025 270 2077 ipsos
286 2025 352 2077 potius
369 2037 427 2077 quam
443 2024 527 2077 pulchre
543 2028 562 2064 et
573 2024 629 2077 juste
645 2022 736 2062 traditam
751 2023 810 2062 notris

51 2093 205 2133 consensionem
226 2094 295 2134 subire
315 2094 483 2148 vituperationem
504 2092 580 2133 volunt.
611 2092 682 2133 illelius
706 2092 758 2131 enim
780 2094 811 2130 est

50 2161 136 2213 homini,
151 2166 233 2214 peccata
249 2175 284 2204 sua
301 2163 403 2216 confiteri,
421 2176 479 2217 tpnam
495 2163 590 2203 indurare
606 2174 642 2203 cor
658 2174 728 2211 suum3
751 2165 811 2214 prout

51 2265 182 2310 apocrypholV
192 2265 271 2309 esdra,
284 2266 311 2300 16.
332 2268 420 2301 Coronis.
452 2267 483 2312 ld)
496 2267 523 2300 Ps.
537 2265 565 2308 32,
579 2266 594 2299 1,
609 2265 625 2298 2.

51 2324 148 2358 Gallandius
161 2325 190 2358 vix
202 2324 275 2367 dubitat,
289 2326 329 2370 quin
342 2324 359 2359 S.
371 2325 421 2359 Pater
452 2325 482 2368 ll)
496 2317 521 2357 Ol
533 2321 556 2355 ozi.
580 2322 605 2356 ltu
620 2323 703 2356 sehabet
717 2322 758 2356 Cod.
772 2333 810 2364 ms,

49 2383 146 2425 respexerit
158 2382 179 2414 ad
192 2381 306 2416 illudEzech,
316 2383 345 2425 37,
355 2384 382 2417 12,
392 2383 420 2415 13.
439 2383 477 2416 Vat.
491 2381 551 2416 Codex
562 2380 604 2428 LXX
621 2382 691 2424 interpr.
707 2380 777 2414 exhibet
793 2373 810 2422 ᾧ.

74 2439 93 2483 8)
113 2439 247 2481 Animadverte,
267 2439 295 2472 hic
315 2439 420 2473 Clementem
439 2440 467 2474 Sic
479 2440 496 2473 S.
509 2439 571 2472 Paulus
585 2438 605 2471 ad
618 2437 667 2471 Rom.
680 2438 698 2480 d,
711 2439 727 2471 8.
748 2441 809 2470 Worr.

51 2496 123 2530 eandem
136 2496 186 2539 plane
200 2498 234 2530 vim
252 2500 334 2533 charitati
351 2498 373 2531 ad
390 2508 420 2530 re·
452 2499 482 2540 12)
496 2497 522 2531 Sc.
540 2495 593 2529 δόλων
609 2495 638 2529 vel
656 2493 728 2538 ἔνεὸρώιι
747 2498 808 2528 Worr,

50 2555 148 2588 missionem
161 2560 272 2597 peccatorum
288 2566 319 2588 sen
334 2555 420 2597 justifica·
438 2553 578 2596 ‘Odurizstusroe
588 2553 809 2596 coritrueuszsmanas,

51 2614 115 2646 tionem
127 2612 265 2655 consequendam
276 2613 357 2656 tribuere,
371 2624 420 2657 quam
439 2613 469 2645 clr.
482 2612 536 2655 Epist.
549 2615 604 2647 Bora.
619 2620 633 2643 c.
647 2610 663 2644 2.

50 2671 109 2704 tribuit
121 2671 161 2712 fidei
172 2668 265 2712 Apostolus
278 2670 345 2704 Paulus.
451 2670 482 2714 13)
496 2669 526 2703 tts.
539 2669 599 2704 οἰκίαις,

53 2751 55 2755 -
75 2728 94 2773 9]
107 2727 132 2760 Ita
144 2726 243 2773 legendum,
258 2733 303 2766 teste
316 2728 420 2762 Jacohsono.
