1765 2987
191 228 194 234 ,
227 189 248 225 n.
261 189 384 226 onuuruuns
397 190 427 225 no
440 190 490 228 coa.
502 193 521 229 x.
534 193 562 228 nr.
732 192 775 236 147

19 297 191 352 derelinquamus,
212 298 274 341 veluti
294 310 448 353 praecursorem
472 290 587 343 ¹'scelerum
606 305 733 352 nostrorum;
756 293 784 341 et'

17 369 116 423 fugiamus
138 366 269 425 impietatem,
292 381 318 409 ne
340 382 377 411 nos
401 371 450 412 mala
474 371 650 426 comprehendant.
685 371 735 412 Nam
757 371 775 411 si

16 441 68 481 bene
79 452 141 494 agere
152 441 293 493 studuerimus,
310 442 458 483 consectabitur
469 455 505 484 nos
516 455 562 497 pax.
588 442 643 483 Hanc
655 442 680 484 ob
692 443 774 484 causam

17 523 60 552 eam
76 506 168 566 [pacem]
184 523 224 552 non
240 511 343 564 reperiam
359 510 480 565 ²bomines,
504 514 538 567 qni
557 513 647 561 humanis
669 514 774 555 timoribus

17 581 128 634 ducuntur,
153 587 302 636 praeponentes
327 583 448 637 uoluptatem
471 587 599 636 praesentem
622 583 775 636 repromissioni

17 652 102 693 loturae.
131 650 227 707 Ignorant
242 652 294 694 enim
311 658 404 707 quantum
419 654 491 695 habeat
505 658 626 695 tormentum
640 653 699 708 hujus
713 652 776 694 seculi

16 722 116 776 uoluptas,
133 726 153 763 et
169 724 238 777 quales
251 723 322 764 lrabeat
333 724 414 766 delicias
426 723 492 764 futura
502 723 616 777 promissio.
646 722 676 764 Ac
688 722 774 775 quidem,

17 793 34 834 si
49 793 87 846 ipsi
104 793 142 834 soli
158 795 194 835 ista
211 794 307 846 tacerent,
322 794 427 836 tolerabile
440 798 495 834 esset
501 807 507 844 3
521 795 562 848 jann
573 805 623 834 vero
635 796 775 846 perseverant,

16 867 107 907 insontes
129 866 203 905 animas
224 865 292 918 pravis
313 865 409 906 doctrinis
431 864 532 916 imbuere,
556 864 681 916 nescientes,
703 861 776 916 3quod

18 934 115 988 duplicem
131 934 233 976 habebunt
248 934 436 977 condemnationem
452 935 531 988 etipsi,
548 939 568 975 et
584 934 617 988 qui
636 933 717 975 audiunt
733 944 776 975 eos.

17 1063 49 1104 Xl.
79 1063 165 1106 Divinis
179 1065 296 1118 promissis
308 1065 368 1117 fidem
382 1062 481 1105 babentes
496 1064 614 1105 serviemus
628 1063 684 1115 Deo,
702 1068 722 1103 et
737 1063 777 1103 erit

250 1135 310 1177 anobis
326 1134 430 1177 beatitudo
446 1138 538 1177 aeterno.

76 1215 118 1256 lios
135 1227 185 1270 ergo
200 1216 220 1256 in
237 1216 298 1258 corde
314 1229 365 1270 puro
381 1216 425 1258 Deo
441 1217 563 1268 serviamus,
586 1221 606 1257 et
627 1216 701 1258 erimus
715 1216 775 1271 justi,

19 1283 92 1337 quodsi
112 1289 177 1326 autem
198 1299 239 1328 non
259 1288 400 1338 servierimus,
422 1298 463 1327 non
484 1286 586 1328 credendo
607 1288 712 1339 promissis
731 1287 776 1338 Dei,

18 1356 86 1396 miseri
112 1355 191 1398 erimus.
230 1357 282 1398 Dicit
305 1358 357 1398 enirn
381 1361 401 1397 ct
425 1367 492 1397 sermo
518 1355 660 1409 propheticus:
687 1355 778 1397 tiotseit

18 1430 79 1476 sunt,
102 1426 137 1478 qni
158 1427 228 1468 animo
251 1427 348 1479 duplices
370 1432 390 1468 et
405 1427 469 1467 corcle
485 1426 542 1467 dubii
558 1431 618 1477 sacret,
640 1427 676 1478 qni
694 1427 779 1467 dicunt:

19 1496 71 1536 leeec
87 1497 158 1537 ornnin
173 1498 292 1538 audiuimus
308 1498 371 1538 etium
386 1502 476 1549 tempore
490 1501 573 1549 potrum
589 1501 722 1545 nostrornm;
739 1510 779 1537 raes

18 1578 69 1607 oeno
86 1564 160 1607 5diem
175 1568 201 1607 de
217 1568 251 1608 die
267 1572 424 1619 esspectcntes,
447 1567 502 1607 nitati
520 1568 594 1608 borum
611 1566 708 1607 atilianus.
739 1563 777 1606 ⁶0

18 1635 86 1690 fetui,
104 1643 225 1689 componete
240 1651 279 1679 cos
295 1638 381 1686 crb0ri;
402 1637 464 1678 uitem
478 1637 558 1678 surnite.
589 1636 679 1676 Prienam
695 1636 779 1688 quidem

17 1707 79 1760 foliis
91 1707 189 1758 audetur,
204 1720 289 1760 permen
297 1712 373 1758 postea
381 1707 412 1759 fit,
427 1707 529 1758 posthaec
539 1718 581 1746 uoce
592 1704 677 1756 acerbe,
694 1706 778 1745 tandem

19 1778 99 1819 eternum
114 1790 155 1818 noe
170 1783 257 1818 anatur-o.
288 1776 322 1817 Ito
338 1782 358 1818 et
370 1777 461 1829 populus
475 1790 532 1817 inens
541 1775 669 1829 aptrartones
682 1779 703 1814 et
713 1786 776 1825 pres-

18 1861 80 1889 surus
96 1848 155 1898 tulit;
172 1848 246 1888 deinde
263 1847 318 1888 bono
334 1847 431 1898 excipiet.
461 1846 540 1900 ltaque,
559 1845 632 1885 fratres
648 1844 694 1895 mei,
710 1845 776 1891 animo

19 1930 45 1957 ne
62 1917 151 1971 duplices
167 1918 240 1969 simus,
256 1916 292 1958 sed
308 1920 413 1971 sperantes
429 1916 575 1967 sustineamus,
590 1917 612 1954 ut
627 1918 648 1954 et
663 1912 777 1954 mercedem

18 1991 151 2041 reportemus.
181 1987 255 2028 Fidelis
272 1987 324 2028 eninr
341 1991 380 2039 est,
393 1987 436 2039 ,qui
451 1985 550 2039 pollicitus
567 1989 610 2036 est,
631 1996 654 2025 se
669 1984 777 2036 unicuique

18 2057 142 2098 redditurum
158 2057 269 2099 secundum
285 2069 347 2112 opera
364 2058 414 2111 ejus.
446 2056 466 2097 Si
486 2052 536 2110 ergo
556 2054 663 2095 fecerimus
681 2054 777 2108 justitiam

19 2139 85 2168 coram
101 2127 157 2177 Deo,
179 2129 198 2168 in
214 2140 300 2182 regnum
316 2128 368 2168 illius
384 2125 533 2180 ingrediemur,
554 2128 574 2164 et
590 2123 710 2177 accipiemus
725 2134 777 2176 pro-

18 2197 137 2248 missiones,
154 2194 227 2251 ⁷qnus
243 2198 302 2238 euris
317 2210 361 2239 raon
377 2196 469 2245 audiuit,
486 2209 525 2246 nec
540 2194 613 2236 oculus
628 2194 694 2244 cidit,
711 2205 776 2245 quoe-

19 2280 57 2320 que
73 2267 96 2308 in
112 2268 148 2309 cor
162 2267 251 2309 borriinis
268 2280 312 2309 nora
328 2267 474 2309 escenderunt.

18 2473 122 2521 ἄνθρώπους]
136 2489 150 2508 κ,
159 2490 173 2509 τ.
182 2477 195 2508 t.
215 2474 266 2510 Nolte
279 2472 335 2508 deleta
344 2484 388 2509 voce
430 2474 449 2519 5]
463 2473 562 2507 Wottcnnm
578 2471 623 2505 male
640 2472 667 2506 hic
684 2472 776 2506 inseruisse

18 2530 107 2577 ἄνθρωπον
119 2533 210 2578 legendum
224 2538 271 2577 putat
283 2529 337 2573 αὐτὴν.
406 2542 468 2565 vocem
480 2531 511 2562 viel
524 2536 582 2564 monet
595 2530 707 2563 Jacobsonus.

42 2592 61 2633 3)
75 2590 138 2624 Similia
155 2592 231 2636 reperies
248 2591 265 2624 in
283 2589 388 2634 epistolas.
430 2590 449 2631 b)
461 2588 502 2621 Post
518 2586 610 2631 ἑωράκαμεν
625 2587 716 2621 Wottonus
731 2586 776 2620 male

18 2648 117 2695 [praecitati
130 2647 194 2691 Ephes.
208 2659 229 2681 c.=
238 2649 264 2682 lb'.
407 2647 501 2680 interserit:
515 2645 542 2677 ἔτι.
562 2638 663 2678 ὖΑοοΒεοπζ

42 2706 61 2748 4)
75 2705 140 2739 Eadem
149 2704 203 2748 uerba
211 2704 270 2738 laudat
278 2705 297 2740 B.
307 2708 388 2742 &tentorio
430 2704 448 2742 t]
461 2702 468 2736 1
477 2701 515 2737 Cor.
525 2703 542 2745 2,
552 2703 568 2735 9.
593 2700 636 2734 Num
649 2700 741 2746 Apostolus
755 2703 776 2736 ad

17 2763 72 2799 ICor.
82 2764 110 2798 23.
124 2762 153 2797 cfr,
167 2773 216 2808 supra
230 2773 246 2807 p.
259 2762 287 2796 87.
301 2762 339 2796 Not.
354 2762 370 2796 t.
406 2761 444 2795 lsai.
457 2761 486 2804 64,
499 2754 522 2797 4.ι
530 2761 634 2806 respexerit,
648 2760 731 2794 incertum
745 2764 776 2794 e'st.

586 2818 635 2861 tut
