1789 2987
76 175 120 219 462
274 171 342 208 INDEX
354 171 432 207 RERUM
443 172 472 206 ΕΤ
485 172 640 210 PERSONARUM.
677 180 679 182 ·

101 279 178 324 cipibus,
198 284 215 312 et
230 289 260 323 pro
274 279 416 324 persequentibus
430 285 447 312 et
488 279 580 314 Dominum
589 281 628 322 sint,
638 290 672 313 non
682 279 776 314 seeundum
786 282 837 326 cupi-

101 337 199 370 odientibus
212 348 243 370 uos
255 338 296 371 271.
319 335 410 370 Christiani
419 336 447 370 le·
489 338 559 372 ditatem
572 338 612 371 210.
638 337 672 371 Cir.
686 340 767 383 Nuptiae.

99 396 148 440 gibus
160 395 242 429 obediunt
251 394 290 428 306.
312 394 446 438 Edoctisumus,
465 395 610 431 Mendacium.
634 395 666 438 Qui
679 396 789 439 mentiuntur,
803 395 836 429 ab·

99 455 204 499 principibus
222 460 239 488 et
256 453 369 499 potestatibus
387 452 446 488 aDeo
488 455 705 499 negantDominum318.
729 453 762 496 Qui
774 465 836 488 reces-

100 513 181 546 ordinatis
196 512 278 545 honorem
296 511 345 544 nobis
361 522 396 545 non
412 521 446 544 no·
488 514 529 546 serit
542 514 664 557 emendacio,
682 515 731 547 vivet
742 513 781 547 Deo
794 516 835 548 ibid.

99 578 166 604 centem
181 570 249 604 deferre
262 570 302 603 283.
465 571 601 614 Mercatura,
620 572 649 606 cir.
667 574 799 617 Nopotiotionee
820 576 837 604 et

75 628 127 662 Mali
140 628 195 661 aDeo
208 629 309 670 tolerantur,
321 639 355 661 non
369 627 445 671 proban·
488 632 571 665 biettine.

98 692 126 721 tur
138 688 178 721 312.
203 686 300 732 benignitas
318 698 359 731 erga
373 698 403 721 eos
417 687 445 721 72.
464 687 561 722 Michaei
579 687 703 734 archangelus,
723 693 804 733 patronus
819 694 836 723 et

99 746 139 780 328.
488 746 596 792 gubernator
608 747 683 782 fidetium
696 747 737 781 402.

75 804 445 848 ttatiiiaperdiditvitamhorntnumatt.
464 805 625 839 Misericordia
651 805 712 840 Christi
736 816 777 852 erga
803 816 834 839 nos

75 863 177 896 Mandata
190 862 230 905 Dei,
243 864 274 896 cir.
288 866 333 898 Leno.
490 864 522 897 134
535 877 560 910 sq.

74 921 173 954 Manibus
187 923 261 955 extensis
274 921 346 955 orabant
355 920 446 955 Christiani
464 922 617 956 Montanistae
636 923 681 966 405,
701 929 737 956 not.
756 924 772 957 3,
794 922 834 965 369,

98 979 125 1012 54,
487 985 523 1012 not.
536 980 552 1013 2,
583 981 652 1014 Hermas
670 981 781 1014 Montanistas
800 982 834 1014 im-

73 1036 222 1071 Mansuetudo
234 1043 251 1070 et
259 1036 345 1071 humilitas
353 1042 379 1071 est
386 1038 443 1080 virtus,
486 1043 550 1081 pugnat
563 1037 602 1071 350.
616 1037 656 1072 351.
670 1038 710 1072 352.
723 1038 763 1072 371.
776 1038 815 1072 405.

98 1107 130 1140 qua
144 1096 223 1140 princeps
236 1095 286 1139 hujus
300 1096 356 1130 mundi
370 1097 444 1131 destrui·
463 1095 520 1128 Mors
539 1102 556 1129 et
573 1098 608 1129 vita
625 1096 724 1130 incumbunt
740 1097 799 1140 simui,
817 1102 834 1131 et

98 1160 125 1187 tur
137 1154 177 1187 188.
487 1155 603 1199 unusquisque
627 1155 644 1188 in
669 1157 756 1199 proprium
776 1155 834 1187 iocum

72 1212 160 1246 Marcus
174 1212 214 1246 292.
486 1212 539 1244 iturus
561 1218 586 1245 est
607 1212 647 1247 176.
679 1213 745 1246 Bonum
766 1219 802 1256 est,
824 1224 833 1246 a

73 1271 147 1305 Maria.
173 1271 199 1305 Ex
213 1273 278 1317 virgine
292 1282 335 1306 vere
352 1278 400 1305 natus
419 1279 445 1307 est
485 1270 547 1304 mundo
565 1272 586 1304 ad
599 1271 653 1305 Deum
671 1272 762 1315 occidere,
781 1278 799 1305 ut
815 1272 832 1304 in

96 1330 140 1363 titius
154 1330 186 1362 Dei
199 1330 239 1363 222.
265 1330 340 1364 Christus
359 1343 380 1365 ex
393 1332 444 1365 Maria
486 1330 524 1372 ipso
542 1331 615 1363 oriamur
634 1331 672 1363 198.
697 1331 742 1364 Mors
760 1342 793 1364 non
809 1331 832 1363 ti-

97 1394 114 1421 et
128 1400 149 1422 cx
160 1388 197 1422 Deo
211 1388 250 1423 158.
260 1387 293 1421 166
303 1400 328 1432 sq.
349 1390 444 1433 Principem
485 1388 546 1421 menda
565 1388 597 1421 138
610 1399 635 1433 sq.
661 1388 705 1422 Mors
723 1388 783 1422 Christi
800 1399 832 1422 er-

98 1447 147 1490 hujus
164 1447 223 1480 mundi
241 1447 290 1480 tatuit
308 1447 371 1481 Mariae
389 1449 444 1493 virgi·
486 1448 559 1489 piatoria
573 1446 591 1479 cf
599 1473 603 1478 .
618 1449 707 1481 Otrrirtoo.

97 1507 141 1540 nitas
155 1505 194 1539 168.
463 1504 529 1537 Mosis
542 1505 624 1538 humilitas
637 1505 659 1539 76
672 1516 708 1549 sq.·,
721 1505 782 1549 ingens
795 1504 832 1548 ejus

74 1564 149 1598 Mariti
166 1565 237 1608 diligant
253 1564 335 1608 conjuges
351 1576 390 1598 suas
403 1564 443 1598 238.
486 1573 526 1606 erga
544 1564 626 1606 poputum
645 1574 693 1596 arnor
711 1564 759 1597 121:
775 1563 832 1596 Moses

97 1621 131 1656 Eas
143 1622 215 1655 doceant
226 1622 313 1656 ambulare
323 1623 387 1665 infide,
401 1622 443 1655 cha·
486 1631 519 1665 qua
528 1622 594 1654 ratione
604 1623 731 1654 contentionem
742 1621 763 1654 de
772 1632 832 1654 sacer-

96 1682 146 1714 ritate
164 1686 181 1714 ct
198 1683 286 1723 castitate,
304 1687 380 1714 amantes
397 1682 443 1715 uiros
486 1679 537 1712 dotati
551 1680 633 1723 dignitate
644 1678 755 1713 sedarit110.
776 1679 832 1712 Moses

96 1750 136 1772 suos
153 1739 192 1772 260.
219 1739 327 1773 Continentia
345 1741 443 1773 maritorum
485 1743 537 1781 typus
551 1738 611 1770 Christi
625 1743 642 1769 et
655 1739 710 1770 crucis
724 1737 746 1770 30
758 1749 784 1783 sq.

97 1797 136 1832 327.
163 1798 196 1833 cfr.
210 1800 265 1833 Uror.
463 1795 534 1827 Mundi
548 1802 593 1828 trans
607 1795 693 1828 Oceanum
707 1795 734 1828 82.

73 1856 189 1900 Martyres.
213 1856 274 1901 Magna
284 1862 375 1900 martyrum
384 1856 443 1889 miriti-
462 1854 575 1887 Muraenae
592 1853 713 1887 esustudaets
727 1854 830 1888 vetitus21.

96 1915 138 1948 tudo
148 1921 225 1959 tempore
235 1914 326 1948 Clementis
335 1915 406 1948 Romani
415 1914 442 1947 62,
463 1912 569 1954 Mysteria
582 1911 635 1945 Patris
653 1919 758 1957 cognoscunt
772 1913 831 1946 fideles

96 1972 189 2017 Martyrum
218 1974 312 2007 constantia
340 1972 443 2006 admirabiMs
485 1970 525 2004 316.
549 1970 574 2004 Ea
592 1971 632 2014 ipsis
650 1971 743 2004 declaravit
756 1971 831 2004 Verbum

96 2031 136 2065 274.
149 2032 189 2066 316.
202 2032 243 2066 331.
267 2032 316 2065 Feris
330 2032 405 2074 objecti,
426 2037 443 2064 ut
486 2039 525 2062 caro
543 2029 607 2061 iactum
625 2028 665 2063 318.
695 2029 733 2063 Tria
751 2032 831 2074 mysteria

96 2091 183 2135 abnegent
196 2091 293 2133 Dominam,
306 2100 340 2123 non
353 2091 443 2123 uincuntur
486 2087 564 2120 clamoris
581 2086 619 2120 168.

97 2148 137 2183 310.
162 2149 199 2190 Quo
213 2151 270 2192 piures
283 2155 376 2191 necantur,
395 2153 442 2182 tanto

97 2208 152 2251 major
172 2207 189 2240 fn
209 2207 283 2240 fidelium
302 2218 382 2240 numerus
401 2209 442 2241 ibid.
632 2196 660 2228 N·

98 2264 179 2309 Martyria
201 2276 251 2298 nemo
272 2276 291 2298 se
310 2266 364 2308 ipsum
383 2270 443 2308 sponte
461 2263 573 2297 Nataiitia
587 2262 687 2296 Sanctorum
700 2262 740 2295 230.

97 2324 159 2356 offerat
171 2323 210 2357 276.
231 2323 324 2365 Martyrum
337 2322 391 2355 honor
404 2321 442 2356 331,
462 2321 830 2366 Negotiatiouesrnundanae321.-106.

97 2382 137 2416 431.
158 2381 218 2415 Deleta
232 2387 271 2416 sunt
284 2373 346 2414 delicta
359 2380 401 2422 ejus,
415 2382 443 2424 qui
461 2380 562 2422 Nicetes,
580 2385 630 2423 pater
641 2378 714 2413 Herodis
730 2380 830 2414 irenarchae

97 2442 161 2483 patitur
172 2446 243 2484 propter
253 2450 315 2473 nomen
324 2438 392 2472 Domini
402 2440 443 2472 ibid.
486 2437 525 2470 280.
539 2438 579 2471 200.

97 2497 279 2532 Vincula-Sanctorum
294 2503 333 2532 sunt
347 2496 443 2529 diademata
462 2496 477 2528 N
483 2500 509 2528 oe
530 2496 652 2538 poenitentiam
673 2495 777 2539 praedicavit
798 2496 830 2538 643

98 2567 156 2590 eorum
170 2556 209 2590 256.
486 2559 503 2586 et
515 2554 577 2587 mundo
591 2555 740 2598 regenerationem
753 2553 781 2588 66.

74 2615 240 2648 Matrimonium
268 2615 327 2647 ineunt
353 2613 443 2647 Christiani
462 2612 592 2655 Nuptiaede
604 2614 687 2647 sententia
698 2612 774 2657 episcopi
784 2612 829 2655 fiant,

98 2672 142 2715 3043
161 2672 183 2705 de
200 2673 285 2706 sententia
303 2674 381 2716 episcopi
399 2682 443 2705 con·
485 2676 503 2704 ut
520 2671 612 2704 secundum
628 2671 717 2705 Dominum
734 2671 778 2713 sint,
795 2680 829 2704 non

94 2730 161 2776 jugium
170 2730 239 2774 faciunt,
248 2735 266 2763 ut
273 2730 342 2774 nuptiae
349 2730 441 2766 secundum
485 2728 577 2762 secundum
584 2730 693 2775 cupiditatem
699 2728 739 2762 240,
755 2729 829 2774 Nuptiae
