1789 2987
91 207 171 243 LXXXVI
383 200 555 248 frotmundus.
732 205 849 253 [EPISTULA

91 316 154 356 sentio
171 313 221 355 mori
236 312 367 354 sustinentem
383 311 454 365 fertur,
470 312 510 354 illio
525 316 595 357 ductus
606 314 701 369 pauculos
713 326 783 368 uspros
795 321 848 356 oon-

89 386 138 438 jieit‚
155 389 175 424 ut
190 384 210 424 in
224 395 283 424 omne
293 395 365 423 aevum
376 384 495 437 perennet.“
522 387 577 427 Haeo
588 385 687 428 Smithius.
713 384 743 425 De
753 385 848 438 sepulcro

91 454 109 495 S.
120 453 225 507 Polycarpi
240 450 298 493 etium
312 453 477 505 Tiscdeudorsus
488 454 507 495 in
519 455 570 497 libro
584 445 657 509 „Reisu
668 455 690 495 in
701 455 742 495 [teo
754 454 847 495 Orieut“.

92 521 153 565 1846.
176 524 197 563 Τ.
213 523 235 564 ΙΙ,
256 536 275 577 p.
291 521 334 565 248
354 525 454 577 loquitur,
471 525 566 579 illudque
586 528 606 567 in
626 527 689 567 tatere
709 525 791 577 montis,
815 524 849 581 qui

90 598 173 634 uocatur
184 593 296 644 ttiustustu,
312 595 464 647 prope-urbem,
480 607 504 636 eo
515 595 560 650 ipso
571 596 624 650 loco,
640 608 679 650 quo
691 596 761 636 beatus
773 594 849 648 ittartyr

89 667 173 704 mortem
190 664 245 717 obiit,
261 665 320 706 sitnm
336 677 382 706 esse
398 665 487 706 affirmat.

214 969 258 1022 tlt.
294 968 331 1022 DE
349 967 483 1021 Ertsronn
500 969 536 1022 ΑΙ)
554 968 725 1023 riuturrutt.

149 1086 162 1125 i.
181 1085 373 1125 Praestantissimum
384 1084 488 1136 epistotam
500 1084 524 1124 ud
535 1084 656 1138 Diognetum
667 1085 762 1139 gentilem
773 1086 848 1138 primus
886 1093 889 1097 '

89 1167 164 1209 graece
180 1155 199 1194 in
216 1154 280 1195 iucem
297 1154 372 1205 eumin,
388 1154 448 1194 latine
461 1155 520 1195 vertit
531 1155 624 1207 uotisque
634 1148 848 1195 illustrarit'Henrions

89 1224 201 1277 Stephanus
217 1225 241 1264 A.
260 1220 322 1265 1592.
354 1223 419 1271 Quum
435 1225 454 1265 in
471 1224 547 1276 codice,
564 1236 605 1277 quo
621 1225 719 1266 Henrieus
736 1224 848 1278 steptmnus

90 1299 121 1334 est
137 1306 193 1345 usos,
209 1307 248 1334 neo
263 1306 304 1334 non
317 1294 337 1334 in
349 1293 419 1334 codiee
431 1294 605 1348 Argentoratensi,
622 1308 681 1348 quern
691 1295 766 1337 nostris
778 1294 848 1335 diebus

89 1364 121 1404 nir
142 1364 268 1404 doctissimus
288 1363 376 1403 Joonnes
397 1363 480 1405 Carolus
501 1364 547 1405 Otto
569 1365 663 1416 contulit,
684 1365 756 1406 Justini
775 1376 848 1405 nomen

90 1439 145 1475 esset
158 1434 315 1488 superscriptum
326 1432 351 1488 1),
368 1433 451 1487 epistola
463 1439 531 1475 nostra
543 1435 666 1476 eruditorum
677 1434 784 1475 multorum
795 1446 848 1474 ooo-

90 1501 185 1558 sensu2)
201 1504 281 1544 Justino
297 1504 380 1556 mamyri
396 1505 473 1544 auctori
494 1509 524 1544 est
543 1505 625 1556 tributo;
647 1504 701 1545 uude
720 1503 805 1555 factum,
827 1508 849 1544 ut

90 1587 101 1615 a
117 1573 226 1614 Prudentie
240 1573 328 1626 tiaram,
345 1573 459 1615 aDoeture
470 1573 524 1625 Ouo,
541 1586 594 1614 nuuo
609 1574 728 1627 professore
738 1573 848 1615 Viennensi

90 1648 111 1684 et
126 1643 180 1695 aliis,
202 1645 221 1683 iu
238 1643 336 1684 editiones
352 1655 435 1696 operum
451 1642 524 1684 Justiui
539 1645 564 1684 sit
579 1648 666 1697 receptu.
696 1644 740 1684 Non
763 1644 848 1683 defuere

89 1718 155 1754 tamen
172 1713 211 1765 olii,
227 1714 379 1766 nequequam,
396 1713 429 1766 qui
445 1713 488 1766 ejus
504 1717 606 1753 auctorem
622 1712 700 1753 Justino
717 1713 777 1754 multo
794 1714 848 1754 anti-

90 1784 181 1837 quiorem
193 1795 239 1824 esse
251 1784 393 1824 existimarent.
412 1783 454 1824 Hos
465 1784 517 1824 inter
527 1784 600 1838 primas
612 1788 667 1825 tenet
675 1783 811 1825 Tiliemoutius
819 1781 848 1838 ³),

89 1868 148 1908 quem
160 1854 233 1896 deindo
244 1855 308 1896 secuti
318 1860 364 1896 sunt
373 1854 472 1895 Nunnius
479 1851 508 1908 4),
520 1854 633 1895 Gallandius
642 1852 663 1908 5)
675 1858 695 1895 et
702 1854 813 1907 Lumperus
820 1850 848 1908 5).

88 1926 167 1966 Nostris
184 1926 307 1979 temporibus
326 1926 443 1978 praesertim
460 1926 497 1965 viri
514 1924 624 1965 doctissimi
641 1925 742 1978 Georgius
758 1925 807 1965 Beni
820 1920 848 1978 7),

89 1996 173 2036 Carolus
190 1995 281 2037 Semisoh
291 1992 325 2050 ⁸),
346 1995 436 2036 ioannes
452 1994 496 2036 Car.
513 1994 589 2036 Theod.
606 1994 652 2036 Ouo
664 1990 686 2049 9)
702 1998 722 2035 et
737 1995 772 2035 Dr.
788 1993 848 2035 Hoff-

114 2135 133 2179 1]
147 2136 192 2178 ouo,
206 2133 279 2178 epistota
287 2133 308 2167 ad
317 2133 378 2179 Diogn.
388 2133 429 2168 edit.
437 2132 457 2167 Π.
500 2134 586 2178 8))ηεῑῑη
594 2134 609 2167 d.
616 2133 704 2177 iitirtyrer.
717 2131 788 2167 Breslon
795 2132 846 2166 1840.

88 2205 106 2237 p.
120 2193 136 2226 3.
155 2193 195 2226 edit.
208 2193 220 2225 i.
234 2204 250 2237 p.
265 2191 292 2225 10.
476 2191 494 2225 T.
508 2192 520 2226 i.
533 2205 550 2237 p.
565 2193 598 2226 172
611 2203 648 2237 sqq.

112 2251 131 2295 2]
145 2251 165 2283 E.
174 2262 190 2295 g.
202 2249 260 2292 Carei,
273 2249 361 2292 renuerit,
374 2250 457 2292 Fabricii3
500 2251 518 2295 9)
532 2253 577 2295 Otto,
591 2251 613 2283 de
621 2251 681 2284 Justini
691 2251 769 2294 martyris
779 2250 846 2293 seriptis

88 2310 151 2342 nostris
164 2308 269 2352 temporibus
277 2307 356 2342 liestneri
367 2314 385 2342 et
393 2307 457 2342 Boum-
476 2315 494 2342 et
506 2309 588 2342 doctrina.
611 2308 664 2342 Jenae
678 2308 729 2342 1844.
743 2320 759 2352 p.
772 2307 795 2340 53
808 2318 845 2352 sqq.

87 2364 221 2413 garten-Crusii.
476 2366 577 2410 Nuperrime
586 2366 631 2400 idem
639 2367 666 2400 vir
675 2366 781 2399 doctissimus
790 2375 846 2409 pecu-

54 2467 56 2471 !
112 2426 130 2470 3)
146 2425 222 2459 diemoir.
235 2434 279 2469 pour
291 2426 345 2460 servir
358 2431 390 2460 etc.
405 2425 424 2459 T.
436 2424 457 2458 ΙΙ,
476 2424 514 2458 liari
535 2424 655 2458 dissertatione
680 2425 709 2466 [de
730 2425 805 2469 epistota
826 2424 849 2458 ud

87 2496 104 2529 p.
117 2483 151 2517 493
164 2494 200 2529 sqq.
478 2487 595 2528 Dioqneturu.
621 2481 675 2516 denae
697 2481 748 2515 1845.
772 2481 812 2514 edit.
833 2479 848 2514 ΙΙ

111 2543 130 2585 4)
143 2543 208 2586 Appon.
220 2540 238 2574 T.
251 2540 264 2575 Ι.
277 2553 294 2585 p.
307 2541 347 2575 445.
476 2542 530 2575 Jenne
540 2539 593 2581 1552]
608 2539 698 2584 epistolam
706 2544 782 2573 nostram
791 2535 847 2572 stn-

112 2601 129 2642 5]
144 2599 223 2633 Bibliotir.
237 2599 249 2633 i.
264 2611 278 2633 c.
432 2587 434 2592 ¹
477 2601 521 2633 stino
543 2598 630 2632 vindicare
652 2602 722 2630 conatus
748 2603 779 2632 est.
812 2596 848 2631 Sed

112 2659 131 2699 6)
144 2659 186 2692 Hist.
200 2658 252 2692 theol.
267 2659 303 2692 crit.
317 2657 335 2692 T.
348 2658 360 2691 Ι.
374 2670 390 2703 p.
405 2657 447 2706 183.
478 2657 548 2699 confer,
568 2666 612 2701 quoe
630 2661 689 2690 contra
706 2657 802 2690 monuimus
820 2656 847 2689 in:

112 2718 131 2757 7)
144 2719 198 2760 Bittil,
213 2716 296 2762 opuscula
307 2721 375 2760 patrum
387 2717 458 2751 selectu.
477 2717 550 2760 Trition.
568 2716 618 2750 theol.
636 2717 779 2761 Qirortutredrift
796 2713 847 2748 1846.

88 2774 107 2809 P.
120 2775 132 2808 Ι.
146 2787 162 2819 p.
176 2774 215 2809 109.
477 2773 526 2808 Fuso.
540 2772 568 2807 III.
581 2784 599 2818 p.
612 2773 647 2807 460
660 2785 696 2819 sqq.
