1789 2987
368 171 540 209 ruotEGOttEnn.
702 162 834 219 [aristotele

78 177 145 218 'rutum

136 285 208 330 Sedulo
224 287 288 323 autem
305 280 367 321 tertio
384 281 492 333 secundnm
510 281 616 323 Clementis
631 281 741 334 Epistulam
758 281 778 320 in
796 291 835 320 usu

79 363 98 399 et
118 356 234 398 auctoritate
253 352 326 402 tuisse,
349 363 376 391 ex
390 350 535 403 Apostolorum
556 365 632 409 canone
648 349 675 392 85
695 350 834 390 demonstrare

77 431 160 466 conatus
176 427 206 463 est
222 421 336 462 Gallandius
347 418 373 474 ¹).
404 420 444 461 Sed
461 424 559 463 erraverit
574 424 605 464 uir
620 421 753 463 doctissimus.
784 418 833 459 Nam

75 498 188 548 postremus
204 493 241 531 iste
257 503 322 531 canon
339 501 379 530 nou
395 494 442 530 aule
457 490 515 531 linem
532 493 595 533 seculi
607 493 669 546 quinti
681 489 785 532 conlectus
797 490 834 540 est,

75 568 96 603 ut
111 562 195 616 egregie
212 560 279 601 docuit
294 561 329 601 Dr.
346 559 475 602 Sebastianus
492 561 517 602 de
533 562 590 616 Drey
605 562 627 603 V.
644 562 665 602 C.
676 559 704 615 l).

133 633 215 684 Primus,
232 632 265 684 qui
276 630 378 672 secundae
390 629 498 672 Clementis
513 632 610 684 epistotae
625 630 718 681 meminit,
734 628 833 677 Eusebius

75 708 117 754 est,
134 714 228 754 monens,
246 706 265 742 et
280 702 362 743 alteram
379 702 486 743 Clementis
502 702 607 755 epistolum
622 700 721 756 prolerri3
737 698 773 740 sed
790 709 834 738 eam

75 787 116 815 non
132 773 214 827 perinde
230 785 254 814 ae
268 774 357 827 priorem
374 777 440 815 nolam
452 784 505 826 esse,
521 774 615 826 quoniam
626 784 664 813 neo
674 774 756 813 veteres
768 780 792 810 ea
803 767 835 809 usi

75 842 187 900 mertum).

133 914 211 956 Deinde
221 914 273 955 inest
284 914 335 955 haec
346 914 430 968 epistola
441 914 574 956 celeberrimo
585 914 612 954 illi
621 910 758 954 Alexandrino
769 907 834 950 codici

76 985 95 1025 ln
112 985 182 1025 lluseo
198 985 309 1025 britannico
324 985 448 1026 Londiueusi
464 990 576 1026 asservato.
607 983 680 1026 Secuto
699 981 759 1035 igitur
774 979 799 1020 lV
815 982 834 1019 et

75 1055 92 1095 V
109 1054 200 1095 Clemens
216 1055 275 1109 hujus
291 1055 389 1109 epistolae
403 1059 473 1096 auctor
485 1067 495 1095 n
506 1054 570 1094 multis
582 1053 693 1106 putabatur.
725 1051 769 1098 Quo
780 1050 834 1103 jure,

74 1126 181 1165 nescimus.
217 1125 292 1165 Pariter
314 1138 353 1166 uos
377 1127 434 1177 latet,
459 1125 530 1177 ortibus
553 1123 595 1164 nixi
617 1122 738 1175 argumentis
759 1120 834 1160 Hiero-

74 1208 144 1248 nymus
156 1193 178 1250 4)
195 1200 215 1236 et
229 1195 310 1236 Plrotius
323 1194 344 1250 5]
361 1195 413 1237 lrane
429 1195 533 1248 epistolam
555 1207 566 1235 u
586 1193 689 1234 veteribus
706 1190 834 1244 reprobatam

75 1263 226 1315 coutemleriut3
242 1277 287 1305 nam
298 1265 397 1306 Eusebius
412 1267 458 1307 talia
473 1279 514 1307 nou
529 1264 614 1318 profert,
631 1263 754 1315 antiquiores
769 1265 834 1302 autem

77 1345 161 1387 prorsus
178 1333 203 1374 de
219 1347 243 1374 eu
258 1334 323 1376 sileni.
354 1335 398 1377 Non
416 1347 485 1376 errare
501 1339 520 1375 te
536 1339 610 1389 putem,
627 1334 644 1374 si
657 1334 799 1385 Hieronymum
815 1334 835 1370 et

75 1403 165 1444 Plrotium
175 1403 257 1445 Eusebii
268 1405 330 1446 verba
340 1406 406 1447 minus
417 1411 473 1447 reete
484 1405 626 1458 interpretatos
638 1415 683 1444 esse
694 1400 834 1444 contenderes.

75 1473 131 1526 Ergo
147 1479 238 1515 veterum
254 1475 366 1517 testimonia
382 1476 503 1516 authentiam
518 1475 577 1529 lmjtrs
593 1474 690 1527 epistolae
708 1484 749 1512 uon
765 1474 834 1525 aperte

75 1555 159 1596 negare,
176 1544 358 1596 antiquissimorum
374 1551 439 1588 autem
454 1550 531 1600 patrum
547 1545 646 1587 silentium
662 1546 774 1599 suspectam
791 1555 833 1584 eam

74 1611 168 1666 reddere,
184 1613 238 1655 clare
253 1616 385 1669 perspicimus
397 1613 425 1670 ⁶).

99 1749 117 1794 l)
130 1749 174 1784 Bibl.
189 1750 246 1785 Veler.
259 1751 277 1785 Ρ,
287 1752 305 1785 Ρ.
320 1751 338 1785 T.
348 1752 360 1787 1.
374 1752 501 1813 Proleg.pdam
520 1752 565 1786 dieta
582 1752 665 1797 quaedam
681 1752 773 1796 peregriua
786 1751 834 1786 velut

73 1819 89 1852 p.
103 1808 138 1841 XV,
464 1823 473 1844 e
486 1822 534 1845 suero
547 1811 632 1855 Scriptura
645 1811 734 1853 iuducere,
747 1811 833 1854 interpre-

95 1866 114 1908 2)
128 1865 177 1899 [leue
191 1865 345 1912 Uutersuchungeu
358 1869 401 1902 iiber
416 1869 444 1902 die
463 1870 537 1902 tationes
549 1869 627 1902 locorum
640 1868 750 1913 quorumdam
759 1867 832 1901 alienio-

73 1922 211 1957 Constitutiuneu
222 1926 256 1957 und
266 1924 344 1958 Capones
355 1926 385 1959 der
394 1925 444 1970 Apo·
463 1937 490 1959 res
508 1927 595 1970 prolerre,
613 1936 646 1959 neo
664 1927 778 1959 coutinentem
791 1934 832 1957 ora-

72 1980 111 2013 stel
126 1980 272 2024 Tiiltingen1832.
282 1992 298 2025 p.
306 1982 345 2015 310.
356 1982 395 2016 377,
405 1984 444 2016 445.
464 1984 515 2016 tionis
520 1984 582 2017 seriem
590 1989 607 2017 et
614 1983 832 2028 consequentiamservare.

98 2037 117 2079 3]
130 2037 173 2070 Hist.
191 2037 234 2071 eccl.
247 2037 279 2080 111,
293 2038 324 2072 38:
344 2037 404 2072 Ἰστέον
422 2039 444 2079 et,
487 2041 507 2086 6)
520 2040 599 2075 Nonnulli
623 2040 736 2085 Epiphanium
764 2050 832 2084 quoque

74 2092 94 2130 (0¹3
112 2096 139 2126 καὶ
157 2093 223 2138 δευτέρα
241 2108 264 2132 τις
282 2095 321 2128 cium
338 2098 399 2141 liparen
416 2100 445 2130 τοῦ
464 2098 548 2143 epistolae
566 2104 635 2132 nostrae
651 2099 765 2133 testimouium
778 2107 832 2143 prae-

74 2149 169 2192 Κλήμεντος
180 2150 264 2193 ἐπιστολή·
277 2151 297 2185 ου’
308 2152 341 2196 fiij-v
354 2153 445 2198 t'd'duotm
463 2155 505 2189 bere
522 2157 637 2199 contendunt,
656 2158 719 2202 quippe
732 2157 761 2201 qui
774 2155 832 2198 [Haer.

74 2211 94 2250 τῇ
110 2212 179 2253 προτέρᾳ
196 2211 222 2240 καὶ
241 2208 302 2252 ταύτην
314 2210 395 2256 γνώριμον
406 2212 442 2246 ‹irrr—
463 2214 576 2258 27‚6el30,
587 2214 616 2257 15)
630 2215 651 2248 de
664 2214 740 2259 pluribus
750 2212 831 2247 Clemen-

73 2264 157 2308 ura'peua·
176 2265 201 2298 ὅτι
213 2265 254 2309 μηδὲ
266 2267 302 2305 τούς
314 2265 390 2314 deputam
402 2269 442 2314 αὐτῇ
463 2272 483 2304 tis
497 2272 572 2315 epistolis
585 2274 639 2307 rerba
651 2272 709 2306 faciut.
734 2271 769 2306 Sed

73 2325 178 2368 κέχρημέτόυς
190 2326 242 2366 ἴσμεν,

97 2384 116 2426 4)
130 2381 183 2416 Catel.
197 2383 253 2426 script.
267 2384 310 2418 eccl.
325 2397 339 2420 e.
352 2386 382 2420 15:
395 2390 442 2423 Fer-

73 2447 103 2476 tur
115 2447 132 2476 et
143 2443 223 2476 securta
234 2443 275 2484 ejttu
284 2446 354 2479 rtnrniue
362 2448 441 2491 epistola,

73 2510 117 2544 ptrue
130 2512 140 2533 a
152 2501 244 2534 ueteribus·
256 2502 367 2543 reprobatur.

97 2556 115 2597 5)
128 2556 173 2590 Biltl.
187 2555 228 2591 Cod.
243 2556 285 2590 113:
303 2554 327 2589 Ἡ
336 2556 354 2589 δὲ
366 2559 443 2602 ὶεγομίνη

73 2612 139 2657 denrr'pn
154 2612 193 2658 πρὸς
209 2610 246 2652 τούς
258 2611 316 2651 amiroth·
328 2613 442 2661 [Corinthios]

73 2669 94 2706 [ὃς
112 2669 160 2707 νόθος
178 2669 320 2715 ἐποδοκιμᾰζεται.
350 2672 442 2707 Praeterea

72 2726 142 2763 Plrotius
155 2734 208 2774 notat,
222 2729 311 2775 epistolam
324 2729 368 2764 harro
376 2741 440 2767 seruu-

508 2331 525 2372 η]
538 2330 643 2374 Epiphanius
662 2330 743 2375 epistolas
762 2338 832 2373 quoque

485 2387 522 2421 illas
540 2390 562 2423 ud
576 2391 657 2434 virpt'nee
671 2388 784 2432 Clemeptinas
797 2398 831 2431 pu-

485 2450 531 2479 tasse
543 2445 621 2489 videtur,
634 2456 704 2491 quarum
716 2450 796 2489 respectu
809 2444 831 2479 de

484 2502 560 2545 pluribus
577 2503 670 2538 Clementis
689 2503 765 2547 epistolis
783 2504 831 2548 loqui

485 2560 565 2594 debebat.

509 2618 632 2659 thecuudae
650 2624 719 2652 nostrae
738 2619 830 2655 Clementis

484 2675 568 2718 epistolae
589 2677 674 2719 expressis
692 2677 750 2711 verbis
769 2677 830 2711 nullibi

483 2730 590 2776 Epiphanius
603 2735 718 2770 testimonium
731 2735 809 2781 praebet.
