1789 2987
248 714 469 792 llllllllllll
504 713 725 791 PASTOR.

312 969 453 1012 mmmm
478 945 663 1024 vnruruS,

406 1074 441 1104 ‘QUI
454 1074 563 1100 tusculoltuu:

361 1157 616 1213 ursluuus.

444 1368 501 1422 lisio
520 1370 537 1423 l.

111 1491 192 1532 Gonu-u
208 1496 279 1542 tornes
295 1494 315 1528 et
330 1488 398 1528 elutus
418 1486 569 1540 nouitatioues,
583 1493 612 1552 ¹et
628 1489 762 1541 rteyliqentem
777 1489 867 1529 Hermae

351 1558 449 1610 filiorum
460 1558 624 1610 obstinationem.
874 1564 875 1567 ’

168 1642 182 1684 Ι.
209 1642 247 1691 Qui
262 1642 385 1683 enutriverat
399 1654 437 1691 me,
453 1638 542 1680 vendidit
554 1640 658 1692 quamdam
669 1641 755 1694 puellam
773 1640 867 1682 ¹Romae.

108 1712 156 1754 Post
171 1714 243 1754 multos
259 1716 323 1752 autem
340 1722 403 1752 annos
419 1709 470 1750 bane
486 1710 548 1750 visam
570 1724 609 1764 ego
629 1712 752 1765 recognovi,
774 1717 794 1753 et
810 1712 869 1765 coepi

110 1796 152 1824 curn
169 1783 255 1837 diligere
270 1787 292 1822 nt
308 1780 424 1822 ‘²sororern.
450 1780 526 1821 Exacto
538 1785 603 1821 autem
614 1785 705 1835 tempore
716 1782 790 1835 aliquo,
805 1781 868 1823 lavari

110 1866 152 1894 eam
170 1855 189 1894 in
206 1854 287 1893 flumine
299 1852 366 1892 Tiberi
382 1851 429 1901 virli,
446 1856 466 1891 el
481 1852 564 1903 porrexi
581 1852 599 1892 ei
614 1865 699 1903 monum,
716 1858 736 1894 et
748 1854 808 1894 eduxi
824 1866 868 1894 eum

110 1937 121 1965 e
137 1925 224 1964 flumine.
256 1924 344 1977 Visaque
360 1915 384 1963 eu
400 1921 512 1976 cogitabam
528 1922 547 1961 in
563 1921 691 1974 cumeneo,
708 1924 788 1965 dicens:
806 1923 869 1976 „felix

110 2007 182 2044 essem,
199 1995 216 2034 si
233 1994 291 2034 talem
309 2005 399 2044 uxorem,
416 1996 436 2031 et
451 1993 521 2044 specie
537 1996 556 2031 et
572 1993 667 2044 moribus,
684 1995 766 2035 sortitus
781 1996 867 2036 essem.“

109 2064 152 2105 Hoc
172 2065 248 2116 solum,
271 2076 309 2105 neo
324 2063 373 2104 ultra
391 2063 497 2116 quidquam
514 2062 607 2115 cogitavi.
638 2063 685 2104 Post
705 2068 783 2117 tempus
803 2070 868 2107 autem

109 2135 196 2186 aliquod,
213 2147 257 2175 cum
273 2135 297 2175 iis
314 2134 468 2188 cogitationibus
479 2123 620 2185 proficiscens
636 2134 792 2176 honorificabam
807 2149 867 2178 eree-

109 2207 173 2244 turam
190 2205 238 2254 Dei,
260 2204 361 2257 cogitans,
383 2216 442 2257 quam
462 2203 567 2256 magnifica
588 2207 607 2243 et
621 2204 704 2256 pulchra
720 2206 751 2245 sit.
782 2205 807 2246 Et
822 2205 868 2247 dum

110 2273 249 2324 ambulassem,
266 2273 383 2314 obdormivi.
414 2273 438 2313 Et
449 2274 530 2327 spiritus
544 2286 576 2314 me
589 2276 659 2327 rapuit,
677 2280 696 2315 et
711 2276 754 2316 tulit
766 2289 798 2316 me
815 2274 868 2331 ³per

110 2344 215 2397 quemdam
230 2344 297 2384 locum
313 2343 338 2383 ad
355 2342 464 2394 dexteram,
480 2356 517 2395 per
533 2356 592 2396 quem
608 2355 647 2384 non
664 2350 743 2398 poterut
756 2345 815 2387 homo
830 2349 868 2389 iter

109 2413 184 2454 lacere.
215 2413 263 2455 Erat
278 2418 344 2454 aurem
360 2412 417 2453 locus
433 2412 466 2453 ille
481 2413 502 2452 in
517 2413 605 2466 rupibus,
622 2417 641 2453 et
652 2414 753 2468 abruptus
770 2422 790 2458 et
802 2418 867 2459 invius

132 2541 151 2583 i)
169 2541 248 2575 Hermam
267 2545 334 2577 Romae
351 2541 426 2583 vixisse,
445 2551 479 2574 non
498 2539 614 2583 nominabam,
627 2546 645 2574 ut
656 2540 714 2576 Fellus
727 2542 748 2576 ud
761 2542 797 2577 h.l.
811 2553 867 2577 auno-

109 2599 163 2633 solum
172 2599 205 2632 lroc
214 2599 252 2634 loco
262 2600 352 2641 indicatur,
363 2599 393 2632 sed
403 2604 420 2632 et
428 2599 479 2632 intra:
498 2600 545 2632 tavit.
578 2599 612 2632 Sed
630 2599 658 2633 bic
677 2601 698 2633 de
716 2613 780 2638 sorore
798 2603 867 2647 proprio

80 2664 81 2667 ’
108 2660 128 2693 iu
139 2660 212 2703 [lumine
223 2661 290 2703 Tiberi,
305 2664 322 2692 et
334 2657 367 2691 vu.
377 2658 406 2701 lV,
418 2658 437 2691 1:
450 2660 480 2694 vta
498 2668 550 2692 sensu
563 2659 670 2703 cogitandum
684 2665 715 2694 est.

110 2719 205 2763 Campana,
220 2722 237 2750 et
250 2718 283 2750 Vis.
297 2716 318 2759 lt,
332 2716 351 2749 1:
366 2718 434 2753 Ouinio.
522 2715 541 2760 3]
554 2715 581 2750 Sc.
594 2717 611 2750 in
623 2717 695 2752 visione.

132 2775 152 2817 2)
165 2774 219 2810 Prisci
225 2774 283 2810 fideles
291 2786 352 2810 uxores
359 2786 399 2810 suos
405 2787 479 2812 sorores
