1765 2987
207 156 301 192 HERblrlE
314 156 405 192 PASTOR.
429 158 495 194 LIBER
507 159 519 193 Ι.
546 158 603 194 VISIO
616 158 636 193 ΙΙ.
759 161 802 203 327

102 267 124 308 ΙΙ.
150 266 197 309 Post
213 265 326 321 quindecim
342 266 470 321 autentus,
487 282 545 322 quum
559 270 690 325 jejunassent,
707 268 803 309 multum-

44 351 83 394 que
98 349 204 392 rogassem
220 337 337 389 Dominum,
353 338 442 379 revelata
458 343 489 379 est
504 340 649 381 mihtsciemia
667 340 801 394 ¹scripturae.

43 411 91 453 Erat
107 411 173 448 antem
189 408 288 461 scriptura
304 409 366 449 haeo:
389 420 474 460 „semen
491 415 556 462 tuum,
577 411 661 463 Hermu,
683 411 766 465 deliquit
781 411 801 451 in

43 478 160 529 Dominum,
184 474 223 518 let
244 479 376 531 prodiderunt
396 484 489 532 parentes
510 492 560 521 suos
577 481 601 521 ‘in
617 482 706 534 nequitia
721 492 800 534 magna.

42 551 67 592 Et
83 546 208 588 ³audieruut
224 549 345 602 proditores
355 554 466 602 parentum,
480 554 505 590 et
518 551 628 604 prodentes
645 548 799 605 lprofecernnt.

43 619 82 665 Sed
98 618 211 660 etiamnunc
227 619 345 673 adjecerunt
360 621 447 673 peccatis
468 621 510 662 suis
530 621 623 662 libidines
645 625 664 661 et
684 634 800 662 commacu-

42 691 127 732 lationes
150 690 264 749 nequitiae?
289 694 309 730 et
332 691 362 731 sio
383 691 516 744 impleverunt
539 692 652 749 iniquitates
676 703 729 732 suas.
760 692 801 733 Sed

42 762 156 814 impropera
171 760 234 801 verba
250 760 300 801 baec
315 761 360 802 liliis
377 762 415 801 tuis
432 762 523 802 omnibus
542 765 562 800 et
578 761 661 815 conjugi
676 765 732 813 inae,
749 773 801 813 quae

43 830 107 871 futura
124 833 155 870 est
171 828 250 871 ⁵soror
265 836 304 872 tua.
334 831 360 872 Et
375 832 418 884 ipsa
435 831 486 871 enim
502 835 616 885 compescat
634 831 721 885 linguam
738 842 801 883 suam,

41 902 61 941 in
78 913 117 954 qua
132 900 261 954 malignatum
284 906 303 942 et
319 902 389 942 auditis
406 901 473 941 verbis
489 900 519 941 liis
536 901 646 941 continebit
662 913 696 953 se,
713 904 732 941 et
748 913 801 941 con-

42 975 138 1024 sequetur
153 972 316 1013 misericordiam.
343 969 467 1013 6llrndietur
479 972 537 1023 enim,
553 977 658 1025 postquam
672 972 800 1025 impropera-
818 1017 820 1020 ¹

41 1043 96 1084 veris
117 1042 144 1082 illi
164 1041 215 1083 haec
235 1043 309 1094 verba,
332 1054 383 1095 quae
405 1041 505 1082 mandavit
525 1042 558 1082 ille
579 1041 702 1093 dominator,
724 1046 745 1082 ut
765 1042 800 1082 tibi

41 1111 164 1152 revelentur.
196 1112 251 1152 Tunc
261 1113 387 1153 remittentur
397 1112 434 1153 illis
445 1117 533 1165 peecata,
551 1125 602 1165 quae
615 1112 734 1167 jampridem
747 1125 799 1166 pec-

42 1186 143 1233 eaverunt,
156 1187 176 1223 et
187 1183 277 1223 omnibns
289 1183 369 1234 sanetis,
383 1184 415 1236 qni
426 1188 563 1236 peceaverunt
574 1195 638 1236 usqne
649 1183 668 1222 in
680 1182 799 1222 hodiernum

42 1252 99 1302 diem,
115 1253 132 1292 si
148 1265 175 1292 ex
190 1256 231 1293 toto
247 1253 308 1294 cordo
324 1265 360 1293 suo
377 1253 455 1306 egerint
471 1253 624 1304 poentientiam,
646 1257 666 1292 et
681 1252 799 1292 abstulerint

41 1323 162 1365 ocordibus
177 1324 219 1364 suis
236 1324 375 1364 dubitationes.
406 1323 484 1364 Jnravit
504 1322 556 1361 enim
578 1322 689 1363 dominator
709 1321 743 1362 ille
761 1334 798 1375 per

41 1393 124 1448 gloriam
139 1405 195 1433 suam
211 1406 272 1447 super
288 1393 364 1434 electos
381 1405 436 1444 suos,
454 1388 462 1414 ⁷
468 1392 571 1445 praefinita
583 1393 619 1433 isla
631 1392 669 1443 dte,
686 1392 799 1432 etiamnunc
862 1427 865 1432 .

41 1464 58 1505 si
74 1464 188 1516 peccaverit
203 1464 280 1517 aliquis,
297 1475 336 1503 non
353 1463 465 1504 habiturum
477 1462 531 1502 illum
544 1461 634 1502 salutem.
661 1461 799 1503 Poenitenliae
815 1492 822 1496 ..

43 1534 95 1574 enim
116 1534 215 1587 justorum
239 1533 313 1573 babent
334 1533 390 1573 sines.
428 1533 504 1586 liopleti
526 1537 572 1573 sunt
597 1533 639 1573 dies
663 1534 800 1586 poenitentiae

43 1604 133 1645 omnibus
149 1603 236 1653 sanctis3
252 1604 344 1657 gentibus
360 1607 424 1644 auteur
441 1603 563 1657 poenitentia
577 1615 642 1655 usque
656 1603 674 1643 in
689 1603 799 1644 novissimo

43 1674 81 1714 die.
111 1674 170 1714 Dices
192 1684 242 1727 ergo
264 1673 305 1723 eis,
326 1674 359 1725 qui
374 1678 470 1727 praesunt
488 1673 596 1722 eeclesiae,
617 1678 639 1714 nt
655 1673 799 1727 dirigant-vias

42 1757 88 1786 suas
104 1745 124 1785 in
137 1744 220 1798 justitia,
235 1747 257 1784 ut
272 1744 369 1796 recipiant
384 1744 404 1784 in
420 1744 479 1797 pleno
494 1744 672 1796 repromissionem
684 1755 727 1783 cum
739 1743 799 1783 multa

41 1814 111 1868 gloria.
142 1814 260 1854 Permaneto
275 1825 336 1867 erge,
354 1814 387 1866 qni
404 1814 513 1867 operamini
526 1814 635 1868 justitiam,
653 1818 672 1853 et
689 1813 717 1854 sio
733 1812 799 1865 lueite,

41 1890 63 1925 ut
78 1885 103 1925 sit
118 1881 231 1925 ⁸lransitus
249 1888 317 1923 vester
333 1895 377 1924 enm
393 1884 466 1925 sanetis
483 1884 567 1937 angelis.
597 1883 675 1923 Felices
692 1895 735 1935 vos,
752 1884 799 1935 qui-

65 2035 83 2080 l)
96 2034 124 2069 Se.
136 2034 180 2068 illius
192 2033 256 2077 libelli,
269 2035 309 2069 milii
322 2036 361 2069 dnti.
452 2035 471 2077 6)
485 2034 497 2068 Ι.
511 2046 526 2069 e.
541 2046 561 2070 ee
574 2036 656 2079 corripet.

64 2094 83 2139 2]
96 2093 148 2127 Forte
161 2092 191 2126 lilii
203 2093 229 2126 isti
238 2099 319 2137 parentes
328 2104 367 2128 snos
377 2094 409 2128 de·
452 2094 471 2138 7)
485 2092 516 2126 Die
529 2092 589 2136 judicii
601 2102 652 2124 nemo
665 2090 740 2124 fidelium
751 2089 798 2124 salu-

40 2154 141 2187 nuneiarunt
153 2152 196 2196 apud
208 2153 315 2197 magistratus
326 2163 408 2197 paganos.
428 2158 461 2186 tem
483 2157 608 2195 consequetur,
630 2151 658 2194 qui
678 2161 724 2183 nnuc
743 2150 799 2183 adhue

41 2210 74 2243 Clr.
88 2212 193 2255 Hilpeufetd
207 2209 217 2243 l.
228 2220 242 2242 c.
255 2221 272 2254 p.
283 2210 315 2242 127
324 2222 348 2254 sq.
374 2210 408 2244 Clr.
428 2215 493 2255 peceat.
525 2208 559 2242 Clr.
577 2208 609 2241 llis.
623 2208 656 2249 ΙΙΙ,
671 2208 691 2240 2:
712 2210 730 2242 iu
751 2211 799 2244 lirino

40 2268 131 2310 llis.ll,3:
141 2263 409 2313 areliintermittis-seirrjuriorum
428 2271 485 2311 diem,
502 2272 519 2301 et
531 2266 565 2300 llis.
578 2266 606 2309 ΙΙΙ,
620 2267 639 2299 5:
656 2267 674 2301 si
690 2277 737 2301 utum
753 2277 798 2311 pne-

39 2330 117 2373 filiorum
129 2334 205 2363 tuorum.
428 2330 519 2363 nitentium
538 2328 614 2373 aperiet,
636 2328 677 2360 ‹ltrm
696 2326 799 2369 aedificatur

63 2386 82 2428 3)
95 2385 107 2419 Ι.
121 2397 137 2420 e.
149 2388 295 2421 rrorm'uubbutur.v
429 2387 496 2427 turris,
514 2396 555 2418 ream
572 2386 590 2418 si
607 2390 728 2418 eorreummotu
742 2384 799 2427 [berit

61 2445 81 2487 4)
94 2443 134 2479 le.
147 2447 409 2489 aueerrmtuequitiarnertum.
428 2451 533 2485 summare,
558 2443 599 2486 jum
623 2444 664 2488 quie
688 2453 724 2476 riou
748 2443 798 2477 tutet

63 2504 81 2544 5)
96 2503 135 2536 Seil.
161 2513 193 2547 per
217 2505 343 2536 continentiam.
375 2503 409 2537 cn.
428 2504 491 2536 luerim,

39 2562 113 2596 Tertull.
131 2561 166 2595 Ltb.
179 2559 192 2594 Ι.
206 2561 226 2594 ad
240 2572 288 2596 uxor.
301 2573 316 2595 c.
330 2561 350 2596 6:
369 2568 409 2608 quot
451 2559 470 2604 8)
483 2558 496 2592 Ι.
513 2569 528 2592 e.
548 2563 567 2593 ot
585 2558 651 2592 irrorari
670 2568 711 2592 eum
729 2558 798 2603 ampelio

39 2620 80 2654 item
93 2621 155 2663 (sunt),
168 2622 410 2666 quiroriseusuporiiuter
429 2618 567 2664 eorrprepemiui,
580 2626 622 2649 seu
646 2622 666 2650 ut
686 2617 744 2661 eupuli
764 2627 798 2650 voe

39 2688 60 2712 re
71 2681 182 2714 matrimonii
194 2680 270 2713 deditum
283 2680 358 2713 tollunt?
374 2677 407 2711 cu.
426 2683 496 2722 portent
516 2677 535 2710 lu
554 2677 613 2711 sirium
631 2676 732 2710 Abrobumi.
756 2673 797 2711 Luc.

40 2745 77 2780 cap.
89 2748 126 2782 seq,
139 2742 157 2770 et
168 2736 205 2771 Lib.
218 2735 246 2770 Ill.
266 2736 305 2770 Sim.
319 2737 346 2780 ΙΧ,
360 2737 388 2771 ll.
427 2735 455 2778 to,
468 2734 496 2767 22.
