1789 2987
87 203 129 247 338
247 199 340 235 HERMAE
353 197 443 233 PASTOR.
468 198 559 232 LIBERI.
585 196 641 232 VISIO
654 196 683 231 111.

85 309 134 351 nem
149 308 207 349 electi
218 308 260 348 Dei.
291 307 335 348 Alia
350 320 406 357 vero,
423 319 474 359 quae
490 306 592 347 succincta
608 309 644 357 est,
661 309 680 345 et
695 304 779 345 viriliter
796 305 843 358 agit,

86 380 215 421 abstinentia
230 383 313 419 vocatur
319 393 325 429 ;
342 378 391 419 haec
406 377 445 418 filia
460 382 491 418 est
506 377 558 418 fidei.
589 375 682 428 Quisquis
698 386 748 430 ergo
762 378 843 416 secutus

85 450 145 491 fuerit
160 449 219 500 illam,
235 448 285 489 felix
299 448 334 489 fiet
348 450 368 489 iu
384 448 423 489 rita
439 459 482 498 sua,
499 448 591 500 quoniam
603 446 626 486 ab
642 446 733 486 omnibus
748 445 843 499 operibus

84 520 140 559 malis
156 518 269 570 abstinebit,
286 517 378 568 credens,
393 517 453 570 qirod,
469 518 486 557 si
502 529 525 558 se
541 515 662 557 continuerit
679 516 702 555 ab
723 516 775 556 ouini
791 527 843 555 cou-

84 589 218 642 cupiscentm,
240 588 312 628 haeres
337 588 374 628 erit
396 588 448 627 vitae
470 586 585 627 aeter-naen
619 585 733 639 „Caeterae
757 585 842 638 autemst

83 659 174 712 inquam,
192 658 296 710 ,domium
313 657 401 711 quinque
418 670 469 711 quae
485 656 561 698 sunt?“
595 655 689 708 ,Filiae,“
708 656 778 709 inquit,
796 649 843 707 ,in-

83 729 147 769 vicem
163 732 214 769 suut.
245 728 332 768 Vocatur
353 733 418 768 autem
441 727 538 780 quaedam
559 726 695 778 simplicitas,
720 726 757 766 alia
779 726 842 766 inrio-

83 800 159 850 ccntia,
171 799 207 839 alia
218 799 330 849 incoelestia,
342 794 379 839 alia
390 799 508 850 disciplina,
520 797 556 836 alia
567 801 632 837 autem
649 796 749 836 charitas.
778 795 843 843 Quum

83 881 134 922 ergo
150 870 266 909 servaveris
283 880 344 921 opera
360 868 428 908 matris
445 880 523 919 earum,
546 867 611 908 omnia
626 867 702 919 poteris
719 865 841 906 1111111111.α

83 938 194 990 ,Volebam
210 940 270 989 scire,
287 939 373 987 domina,
390 950 447 989 quam
459 949 551 989 quaeque
564 948 632 975 earum
646 935 718 976 haheat
729 935 840 976 virtuteru.“

82 1006 173 1060 ,Audin
190 1007 263 1059 inquil:
281 1007 378 1058 ,virtutes
395 1007 490 1059 aequales
506 1006 590 1057 habent,
613 1017 719 1046 connexae
735 1010 800 1045 autem
817 1005 842 1045 ad

80 1078 167 1117 invicem
188 1081 235 1117 sunt
254 1077 338 1117 virtutes
361 1089 440 1127 earum,
465 1080 484 1117 et
506 1073 622 1128 sequuntur
639 1087 662 1116 se
683 1075 768 1115 invicem
791 1076 842 1116 sicut

80 1151 139 1186 natae
155 1150 206 1186 sunt.
240 1145 287 1185 ΙΕ11
303 1146 342 1187 fide
357 1147 445 1186 nascitur
461 1147 590 1197 abstinentia,
613 1145 637 1185 de
656 1146 775 1185 abstinentia
791 1145 842 1186 sim-

79 1216 167 1269 plicitas,
185 1215 210 1256 de
225 1216 350 1269 simplicitate
366 1216 492 1268 innocentia,
515 1216 539 1256 de
555 1216 669 1257 innocentia
686 1214 796 1266 modestia,
817 1214 842 1255 de

79 1286 177 1326 modestia
199 1285 302 1338 disciplina
325 1289 344 1325 el
366 1285 457 1325 charitas.
488 1285 562 1325 Harum
583 1297 633 1337 ergo
654 1297 716 1337 opera
737 1287 805 1325 sancta
822 1289 842 1324 et

79 1355 151 1407 pudica
163 1359 182 1394 ct
192 1359 247 1395 recta
258 1359 310 1395 sunt.
343 1355 467 1407 Quicumque
479 1367 529 1408 ergo
541 1355 634 1394 servierit
644 1353 681 1406 his,
699 1358 719 1394 et
734 1353 842 1394 invaluerit

80 1429 151 1465 tenere
167 1436 228 1478 opera
245 1437 324 1477 earum,
347 1426 367 1465 in
389 1425 438 1465 turri
460 1425 540 1465 liahebit
555 1424 686 1465 habitaculum
703 1437 746 1465 curu
763 1425 840 1466 Sanctis

80 1494 138 1543 Deifis
164 1494 291 1548 interrogari
306 1495 358 1535 ittam
375 1495 400 1534 de
415 1495 544 1547 temporibus,
560 1494 627 1547 sijum
639 1495 781 1535 consummatio
793 1495 840 1535 est?

79 1562 113 1603 llla
129 1567 195 1603 aulem
211 1565 330 1605 exclamavit
349 1576 401 1604 voce
421 1576 504 1619 magna,
526 1563 606 1604 dicens:
630 1563 750 1615 „insensate
767 1564 840 1605 homo!

81 1629 168 1672 ²ironrie
184 1633 240 1673 vides
257 1634 324 1674 turrim
341 1646 422 1687 semper
437 1633 554 1674 aedificari?
581 1632 665 1681 Quando
679 1645 730 1686 ergo
743 1645 840 1675 cousum-

79 1707 130 1742 mata
146 1702 206 1743 fuerit
221 1703 280 1743 turris
297 1707 316 1743 el
332 1703 446 1755 aedificata,
468 1704 528 1743 habet
543 1702 601 1743 finem
608 1717 614 1753 ;
636 1702 673 1743 sed
693 1706 712 1742 et
732 1704 770 1744 cito
788 1716 840 1744 con-

79 1773 213 1813 summabitur.
244 1773 291 1813 Noli
307 1786 338 1813 me
354 1774 437 1827 amplius
458 1774 585 1827 interrogare
606 1772 719 1826 quidquam.
752 1772 842 1814 Sufficiat

79 1842 113 1881 titii
124 1845 144 1881 et
153 1833 246 1882 omnibus
257 1842 334 1884 Sanctis
346 1845 509 1885 conmemoratio
521 1845 601 1895 ista-et
617 1844 723 1884 renovatio
735 1844 841 1896 spirituum

79 1916 199 1952 vestrorum.
230 1912 270 1954 Sed
285 1924 325 1953 nou
342 1913 376 1953 tint
391 1914 440 1954 haec
451 1914 488 1954 soli
500 1913 589 1954 revelata
600 1918 652 1964 sunt,
668 1913 704 1953 sed
716 1917 737 1953 ut
749 1914 840 1953 omnibus

79 1981 205 2022 demonstres
222 1994 251 2022 ea.
282 1983 329 2022 Post
340 1983 427 2023 triduum
439 1985 491 2023 enim
503 1983 617 2036 intelligere
628 1987 648 2022 te
659 1987 745 2036 oportet,
761 1983 840 2034 Herma,

78 2051 141 2090 verba
157 2051 214 2103 haec,
231 2063 282 2102 quae
299 2051 333 2091 tihi
348 2051 531 2105 incipio'3dicere,
548 2058 569 2093 ut
582 2052 671 2105 loquaris
680 2053 745 2093 ea'in
760 2053 840 2093 auribus

80 2119 208 2171 Sanctorum,
225 2124 247 2160 ut
262 2119 366 2162 audientes
382 2135 416 2173 ea,
434 2134 494 2174 quiam
510 2121 606 2174 iecerint,
624 2122 757 2163 emundentur
772 2134 783 2162 a
800 2134 839 2162 ne-

81 2190 147 2241 quitiis
163 2187 211 2240 suis,
227 2190 263 2230 sed
280 2195 300 2231 el
316 2196 337 2232 tu
353 2204 397 2232 cuni
414 2192 473 2232 11111.α

139 2258 170 2298 IX.
198 2256 305 2310 ⁴,Audile
320 2273 352 2301 me
369 2273 430 2315 ergo,
452 2262 495 2302 tilii:
517 2274 556 2317 ego
576 2273 614 2302 vos
634 2262 719 2303 enutrivi
740 2262 760 2301 111
780 2262 840 2303 multa

104 2349 122 2394 1]
137 2348 208 2382 Sensum
218 2350 268 2393 hujus
274 2350 308 2384 loci
317 2355 365 2394 putat
373 2349 448 2386 Cinci·
469 2352 562 2395 aedificari,
578 2358 595 2385 el
608 2351 682 2386 nondum
694 2352 788 2397 perfectam
802 2365 840 2388 esse

80 2415 129 2442 terris
150 2409 255 2452 expressisse
277 2408 383 2442 Clementem
401 2408 450 2443 Alex.
470 2410 506 2452 ipse
519 2410 641 2453 perspexeris?

80 2465 90 2498 l.
105 2477 120 2498 c.
137 2465 184 2499 hisce
197 2466 263 2500 verbis:
282 2466 317 2497 Kal
329 2464 386 2498 milliar
403 2469 450 2509 Hpo—
494 2467 513 2511 3)
527 2466 553 2500 Sc.
567 2468 623 2511 capite
635 2470 718 2513 sequenti.

80 2528 140 2568 rpeiam
154 2526 258 2569 (praecedit)
275 2525 306 2566 μὲν
322 2526 384 2562 niam·
401 2524 451 2568 φόβος
492 2527 511 2570 d)
524 2525 572 2559 Haec
589 2527 654 2569 omnia,
671 2539 715 2572 quae
733 2528 766 2563 hoe
784 2530 839 2574 capite

80 2580 99 2613 cti
112 2581 201 2622 οἰκοδομεῖ,
215 2581 382 2627 istriotdtiicipdnp.
397 2586 450 2618 Gaui.
470 2585 585 2627 continentur,
598 2583 676 2619 Ecclesia
690 2587 710 2618 nd
719 2586 798 2621 Hermam
811 2589 839 2622 lo-

104 2640 124 2684 2)
139 2640 202 2674 Dicere
223 2640 253 2673 illa
270 2640 364 2685 (Ecclesia)
387 2641 450 2676 voluit:
471 2643 537 2686 quitur,
551 2653 571 2676 eo
584 2643 628 2686 fine,
641 2649 659 2677 ut
671 2644 709 2687 ipse
722 2644 759 2678 aliis
772 2656 792 2678 ea
806 2657 838 2680 en-

81 2698 167 2743 quomodo
185 2705 245 2742 putare
261 2699 342 2742 potuisti,
358 2700 394 2743 jam
413 2712 451 2735 esse
470 2701 540 2734 nuntiet.
558 2704 602 2737 Filii
614 2704 643 2736 illi
656 2713 690 2736 non
703 2708 742 2736 sum
754 2703 838 2738 fittiHer-

81 2758 250 2801 consummationem,
263 2767 313 2802 quum
326 2759 384 2793 turrim
395 2758 450 2793 adhuc
459 2777 461 2802 t
470 2769 514 2802 mae,
527 2759 559 2793 sed
572 2759 661 2795 eeclesiae,
