1765 2987
286 188 298 222 t.
312 187 434 223 cusiaensis
447 189 477 225 ΑΙ)
492 189 541 225 COR.
554 190 574 225 V.
782 190 808 231 61

51 301 131 343 tuumne
147 303 215 351 erant,
237 297 400 352 persecutionem
416 298 469 352 passi
485 303 541 350 sunt,
565 297 613 340 et·¹
624 302 724 340 venerunt
744 310 809 352 usque

52 372 75 413 od
99 374 189 412 mortem.
224 369 322 410 Ponamus
345 369 403 410 notris
425 374 470 410 anto
492 371 562 412 ocutos
584 369 667 413 ²bonos
690 370 807 425 Apostolos.

50 445 136 497 Propter
148 441 212 482 zetum
223 439 311 493 iniquum
324 437 410 481 ³Pctrus
421 453 460 481 nou
472 454 531 482 uuum
543 445 576 482 aut
587 441 675 494 atterum,
691 441 727 482 sed
739 441 807 496 plures

50 507 131 556 iabores
148 511 233 562 sustani,
248 513 308 563 atque
324 511 350 551 ita
362 511 475 566 martyrium
486 523 557 565 passus
573 512 593 552 in
609 510 713 553 ⁴¹debitum
728 513 806 567 gloriae

50 585 116 626 iocum
132 581 230 623 discessit.
261 578 346 635 Propter
361 581 426 622 zetum
442 586 461 621 et
471 581 544 622 Paulus
554 581 662 635 patientioe
678 580 806 635 ⁵prnemium

49 651 193 708 reportandum
209 651 312 702 sustinuit,
328 647 421 704 ⁶septies
437 652 457 692 in
473 652 552 692 vincula
568 652 684 705 conjectus,
702 649 806 705 ⁷iugatus‚

50 723 173 778 8lapidatus.
203 722 225 763 In
241 722 320 763 oriente
336 734 359 762 ao
375 721 480 763 occidente
494 722 552 763 verbi
573 733 647 775 praeco
664 720 740 774 tacius,
759 722 807 763 ittu-

50 799 111 838 strem
126 793 174 835 fidei
189 805 238 834 sune
254 791 325 833 famam
341 793 424 834 sortitus
441 795 472 833 est
491 793 511 832 in
525 792 600 846 Justitia
612 791 705 833 mundum
721 793 807 834 univer-

49 878 92 909 sum
113 865 227 917 instruens,
251 868 271 904 et
291 850 315 904 od
338 860 471 905 9occidentis
494 863 590 903 terminos
611 862 707 916 veniens,
728 868 748 904 et
769 864 806 904 sub

51 933 67 960 ¹⁰
77 934 185 989 praefectis
201 934 317 988 martyrium
333 933 422 974 subiens.
454 932 486 974 Sic
503 946 514 973 e
530 932 603 974 mrindo
620 933 722 988 migravit,
745 937 764 974 et
786 933 806 974 ia

47 1006 114 1047 locum
129 1009 219 1046 sanctum
235 1004 294 1057 abiu,
310 1006 417 1058 patientiae
433 1015 530 1045 summum
546 1003 649 1056 exemplar
665 1003 760 1045 existens.

48 1133 106 1167 tavent
115 1134 176 1167 Scirott
189 1131 303 1177 (Erdrtcrung
316 1131 414 1176 chronolog.
434 1133 555 1166 Aderattuurics
568 1130 608 1175 (pro
621 1128 649 1162 int
661 1131 721 1177 legunt
733 1129 773 1173 ὕπὸ,
787 1139 804 1167 et

48 1190 154 1224 Punctcetc.
168 1189 217 1222 1832.
231 1201 247 1233 p.
258 1190 300 1235 123)
314 1196 331 1223 et
342 1192 416 1225 Woctrm
434 1186 466 1221 rino*
482 1187 502 1221 ro*
518 1191 569 1232 τέρμα
585 1202 599 1221 r.
616 1188 632 1239 d.
649 1195 726 1224 vertunt:
745 1202 803 1226 coram

48 1248 128 1292 [Tirbing.
146 1246 198 1280 theol.
216 1247 346 1288 Quartaischritt
364 1247 414 1281 1830.
433 1249 511 1281 ornamur
524 1250 660 1293 nrupistrutibus·
674 1247 757 1293 Orientis)
771 1262 802 1284 er-

47 1305 74 1340 IV.
83 1316 100 1350 p.
107 1304 141 1338 626
151 1304 203 1349 sqq).
226 1304 258 1337 Pro
267 1308 362 1340 Britannia
372 1315 415 1338 con·
434 1306 517 1338 sctrierteo
534 1317 583 1349 cour,
601 1307 637 1340 uari
649 1308 743 1350 Zeupuiss
760 1306 803 1351 (uoti

47 1363 119 1398 tendunt
132 1365 220 1398 Uoconius
237 1361 285 1405 [Bra.
302 1362 344 1397 ecci.
363 1365 414 1407 antiq.
435 1362 803 1412 Christo)utpeieptiiutteoorctcrobriq-

47 1433 62 1455 c.
74 1421 94 1466 1]
107 1426 124 1455 et
137 1423 259 1467 Stillirtpsffioeet
271 1419 360 1466 (Origines
373 1420 414 1454 Brit.
433 1420 490 1454 arim

47 1491 62 1513 c.
72 1481 96 1521 1).
116 1480 376 1523 italiana,inspecieRoumm,
389 1478 415 1512 his
446 1477 475 1518 10)
495 1480 532 1513 Sat
550 1480 637 1524 Tipeiiiuo
659 1486 676 1513 ct
696 1483 802 1525 anrplridio

45 1537 103 1571 verbis
121 1543 196 1571 notatam
215 1542 274 1581 putant
293 1547 363 1580 omues,
385 1538 414 1582 qui
432 1537 505 1580 Sabou,
516 1536 578 1570 ultimis
585 1537 657 1571 Neronis
665 1539 713 1572 aunis
723 1544 741 1572 et
749 1550 802 1583 prae-

46 1595 131 1639 dupiicem
149 1595 196 1629 Pauii
213 1597 330 1640 captivitatem
347 1594 413 1628 Romae
431 1595 490 1627 sertim
503 1594 571 1628 Nerone
589 1595 605 1628 iu
619 1595 708 1630 Graeciam
723 1598 801 1642 protecto

45 1657 114 1697 negant,
128 1663 143 1685 e.
153 1663 169 1697 g.
179 1656 229 1688 Baur
238 1652 318 1698 (Tithing.
330 1652 412 1686 Zeitscirr.
432 1650 496 1684 Romae
510 1651 642 1686 dominantibus.
666 1656 707 1700 {Iup
719 1655 771 1700 (Eini.
782 1656 801 1689 ii,

45 1710 96 1743 1831.
109 1710 136 1743 IV.
149 1721 166 1753 p.
180 1710 219 1744 150.
245 1710 376 1744 Pastoraibrieie
395 1713 411 1745 d.
431 1720 446 1753 p.
456 1708 499 1752 323)
510 1716 527 1743 et
538 1713 691 1756 id'iurtisciunuruq
704 1712 714 1746 i.
724 1724 738 1746 c.
747 1725 764 1757 p.
774 1714 801 1748 61.

43 1767 64 1801 Α.
71 1767 138 1810 Paulus,
148 1767 198 1802 1835.
207 1779 224 1812 p.
232 1768 254 1801 63
261 1768 307 1813 sqq.)
317 1772 410 1806 etScirou-
430 1766 462 1800 Alii
475 1767 491 1801 h.
501 1767 512 1801 i.
526 1768 547 1801 de
561 1768 627 1803 duobus
641 1769 706 1804 libertis
716 1777 733 1804 et
742 1772 801 1805 amicis

42 1828 72 1860 iret
88 1825 142 1868 [stud.
160 1838 175 1859 u.
188 1826 230 1860 Itrit.
245 1826 295 1860 1841.
313 1827 325 1860 I.
343 1839 359 1872 p.
372 1829 410 1871 75),
427 1825 509 1868 Neronis,
524 1828 574 1861 Helio
588 1829 697 1862 Caesariano
712 1834 729 1861 et
741 1831 799 1875 Poly.

42 1884 102 1927 quibus
111 1882 131 1915 τό
139 1885 190 1928 τέρμα
199 1886 224 1926 τῆς
232 1882 291 1921 δύσεως
300 1899 323 1914 =
333 1884 353 1916 τὸ
361 1888 410 1928 τέρμα
430 1885 472 1918 eioto
486 1883 577 1928 explicam,
591 1886 619 1929 qai
632 1884 701 1918 Nerone
713 1886 730 1919 irr
743 1886 798 1919 Grae-

41 1937 107 1981 ἒαυττῡ,
124 1938 163 1973 ‘div
176 1944 196 1984 τῇ
208 1939 256 1974 δύσει.
281 1942 310 1976 His
328 1942 411 1976 accedunt
430 1942 456 1974 cia
466 1941 539 1987 degente
548 1941 602 1975 Adi.
612 1944 668 1976 omnia
677 1943 798 1987 gubernarunt.

41 2001 123 2035 iiiatttries
148 1999 215 2045 (Erlrig.
239 2000 256 2033 d.
277 1999 411 2035 Pastoraibrieio
429 2002 491 2034 Sciret!
499 2000 518 2044 [i.
530 2011 543 2034 c.
554 2011 570 2044 p.
581 2000 631 2044 129),
640 2002 721 2035 Ncuudcr
730 2000 799 2044 (Gescir.

42 2056 91 2091 1810,
101 2068 117 2102 p.
127 2058 175 2103 186),
185 2058 272 2102 cuirr'ppra
280 2056 409 2104 zdzmela,
430 2057 444 2090 d.
454 2057 516 2091 Piianz.
527 2057 541 2100 I,
550 2058 592 2099 265)
606 2064 624 2091 et
635 2060 701 2104 Scitaff
710 2057 721 2091 i.
730 2068 744 2092 c.
759 2059 798 2102 (cfr.

41 2122 120 2150 centrum
134 2114 244 2159 Occidentis,
258 2126 299 2160 ergo
313 2119 379 2160 Ruina,
394 2122 411 2150 et
429 2126 479 2159 supra
489 2115 538 2161 Not.)
549 2115 565 2149 h.
575 2116 587 2149 i.
596 2117 619 2149 ita
629 2116 724 2160 explicant:
739 2129 800 2152 corum

39 2173 129 2209 Schrader
139 2174 162 2219 (d.
172 2174 230 2219 Apost.
237 2174 305 2208 Patrius.
315 2173 327 2206 Ι.
337 2185 353 2218 p.
360 2174 409 2219 234),
428 2176 564 2219 irrupistrutiius
582 2181 597 2209 et
612 2176 726 2220 principibus
742 2181 799 2210 terrac

40 2231 67 2262 cui
83 2232 134 2275 rippa
147 2245 165 2276 τ.
181 2231 196 2264 δ.
214 2238 240 2266 est
257 2232 294 2265 finis
311 2231 409 2266 Occidentis
428 2233 520 2266 ueritatem
533 2234 798 2277 christianumprofessuscst.

38 2298 105 2324 uersus
112 2291 208 2335 Orientem,
218 2301 259 2335 ergo
267 2290 319 2324 Italia.
326 2310 348 2314 —
360 2292 408 2325 istite·
429 2308 450 2314 —
463 2288 490 2322 De
499 2288 551 2323 Paulo
563 2289 636 2334 loquens
647 2289 708 2323 heatus
718 2289 797 2324 Clemens

38 2347 87 2381 soter
99 2346 226 2394 [chronologie
237 2348 267 2381 des
276 2348 349 2392 apostol.
358 2348 409 2381 Zeit-
428 2354 496 2392 tcmpus
505 2349 588 2392 passionis
599 2347 635 2390 ejus
644 2353 701 2389 notat3
713 2358 747 2381 nou
756 2349 797 2381 item

39 2397 97 2447 alters
111 2404 167 2450 Gottg.
181 2405 232 2439 1848.
247 2417 264 2450 p.
277 2405 378 2448 sto-533}
392 2411 410 2440 et
428 2405 449 2438 de
463 2404 520 2439 Petro.
545 2405 631 2439 Fortassis
647 2406 697 2448 ideo,
718 2407 758 2450 quia
775 2405 796 2438 de

37 2459 67 2494 Dr.
87 2464 153 2510 Sciruff
170 2463 224 2508 (Proi.
244 2463 370 2509 iiiercersburgi
391 2465 408 2497 in
427 2459 481 2497 Pauio
494 2464 563 2498 uberius
576 2464 621 2509 loqui
633 2463 713 2505 volebat,
727 2461 795 2495 Petrum

38 2517 175 2563 Penusyirania:
187 2521 287 2555 Gescirichte
297 2521 327 2555 der
335 2522 408 2566 apostol.
427 2521 536 2566 paucioribus
544 2522 601 2556 verbis
611 2521 707 2563 absolvens,
714 2520 795 2563 temporis

38 2576 106 2620 fflrche,
119 2578 164 2623 Lips.
175 2580 226 2620 1854.
238 2580 265 2614 eri.
274 2579 294 2613 ΙΙ,
304 2591 320 2624 p.
330 2579 364 2613 347
373 2581 407 2625 sq.)
426 2580 502 2623 martyrii
520 2579 588 2612 demunt
605 2578 650 2623 apud
666 2577 736 2611 Paulum
754 2589 794 2611 rue-

36 2634 80 2668 mate
90 2641 170 2687 vertuntr
178 2639 283 2681 „Noctium
291 2650 311 2674 er
320 2639 406 2683 [Paulus]
426 2639 478 2672 minit.
502 2638 651 2671 tt'iortc'sctrmuuu.
664 2635 675 2669 i.
687 2647 701 2669 c.
714 2647 731 2680 p.
742 2636 763 2669 65
778 2640 795 2670 et

49 2716 71 2726 ··
93 2706 126 2729 vor
143 2695 174 2729 der
194 2697 279 2731 teoctistum
293 2698 361 2732 dercon
375 2699 406 2732 ries
425 2707 441 2740 p·
455 2695 483 2728 60-
