1765 2987
282 196 402 232 annutans
416 196 526 232 EPISTULA.
546 198 567 232 X.
580 197 608 231 xt.
797 195 826 240 27

67 304 110 344 istis
129 304 220 358 seminis,
243 317 295 358 quae
315 303 417 345 infandum
438 303 514 346 facinus
536 318 572 347 ore
594 309 715 359 perpetrant.
747 303 826 345 Animal

67 374 119 413 enim
135 375 182 414 illud
199 387 235 415 ore
251 375 343 427 concipit.
369 374 437 414 Moses
453 375 513 428 igitur
529 375 553 415 de
567 376 620 416 escis
635 376 720 428 loquens
735 374 771 414 tria
786 374 825 414 de-

67 447 122 483 creta
139 443 218 485 locutus
235 444 301 484 estin
318 443 398 496 spiritu;
414 443 441 483 ilii
457 455 519 495 vero,
534 445 591 498 juxta
607 445 673 485 carnis
690 443 824 497 cupiditatem,

66 511 124 563 quasi
145 513 170 553 de
193 513 245 553 escis
264 512 381 566 simpliciter
402 512 489 566 egisset,
510 518 638 565 acceperunt.
672 512 751 554 ¹Darid
774 525 823 554 vero

65 580 136 621 horum
152 582 211 622 trium
227 581 364 623 mandatorum
380 594 462 622 sensum
482 582 605 635 spiritualem
621 582 783 634 comprehendit,
804 585 823 622 et

65 650 92 689 ait
107 650 208 690 similiter:
225 649 317 692 ²dcntrts
330 652 375 702 cir,
393 652 429 703 qni
442 663 486 692 naon
497 650 550 691 uttn
562 651 585 689 in
597 651 689 691 concilio
704 652 822 702 impiorum,

64 719 116 760 sicut
126 720 139 760 ii
150 721 216 773 pisces
233 721 332 762 ambutant
345 722 365 761 in
379 720 468 761 tenebris
484 731 507 759 ac
517 719 577 759 maris
592 718 704 772 profund03
720 725 740 759 et
753 719 775 759 in
788 719 824 759 cic

62 795 196 840 peccatorum
210 803 253 831 non
267 792 335 840 stetit,
358 791 409 830 sicut
424 790 448 840 ii,
472 789 505 841 qui
521 788 613 829 videntur
628 789 698 829 timere
710 789 822 839 Dominum,

65 861 84 898 et
100 857 161 898 vetuti
176 869 211 899 sus
227 863 322 912 peccant3
339 864 358 899 ct
372 860 394 899 in
406 858 508 899 crttdedrn
520 858 688 908 pestilentiarum
702 871 746 899 non
761 858 822 908 sedit,

65 926 231 979 quemadmodum
248 939 308 979 aves,
330 940 381 980 quae
398 927 422 967 ad
438 927 527 980 rapinam
543 927 620 968 sedent.
651 926 753 968 ³Habetis
769 939 823 967 nunc

65 1001 85 1036 et
105 1007 178 1037 sensus
200 997 307 1050 spiritualis
328 997 407 1052 plenam
428 997 571 1052 cognitionem.
603 995 649 1037 ⁴At
670 995 738 1037 Moses
759 1008 822 1049 porro

64 1065 124 1105 dixit:
146 1065 319 1108 ⁵mnndncnbr'tc's
342 1079 401 1107 ornnc
422 1068 506 1119 bifidum
521 1081 547 1108 nc
562 1070 679 1108 ruminans.
711 1066 762 1115 Quid
778 1067 822 1106 ait?

64 1131 192 1176 6Ruminans
208 1140 237 1176 est
253 1137 281 1188 is,
300 1138 334 1189 qui
350 1141 432 1190 accepta
448 1149 495 1178 esca
512 1137 600 1177 meminit
616 1136 733 1186 nutrientis,
750 1138 769 1174 et
784 1147 822 1175 sa-

63 1204 121 1245 tiatus
136 1204 161 1245 de
175 1217 200 1246 eo
217 1203 336 1261 [nutritore]
353 1206 437 1247 laetatus
452 1207 579 1260 conspicitur.
609 1207 673 1247 Recte
686 1205 735 1246 dixit
745 1205 820 1257 Moses,

63 1274 174 1326 respiciens
196 1275 220 1314 ad
239 1275 357 1315 mandatum.
388 1276 440 1323 Quid
456 1287 507 1329 ergo
524 1275 566 1315 ait?
597 1274 753 1315 Adhaerendum
775 1286 821 1314 esse

62 1341 88 1383 ad
103 1354 150 1395 eos,
171 1343 205 1396 qui
223 1345 291 1384 timent
307 1344 423 1397 Dominum,
445 1345 513 1398 quiin
531 1344 592 1385 corde
613 1343 743 1395 meditantur,
766 1343 820 1398 quod

62 1418 183 1465 acceperunt
200 1410 352 1467 ⁷praeccptum,
369 1416 402 1468 qui
417 1415 527 1468 loquuntur
539 1427 562 1455 ae
578 1419 659 1455 servant
673 1415 762 1454 mandata
775 1415 821 1454 Do-

62 1482 120 1533 mini,
143 1483 176 1535 qui
192 1484 268 1534 sciunt,
291 1484 439 1524 meditationem
456 1494 507 1537 opus
523 1496 569 1524 esse
587 1484 685 1534 laetitiae,
707 1488 725 1523 et
741 1482 820 1523 Domini

63 1562 177 1591 sermonem
193 1552 298 1593 ruminant.
324 1548 391 1601 8Quid
402 1564 452 1593 vero
463 1553 500 1593 sibi
512 1554 554 1594 vult
565 1553 661 1594 bifidum?
685 1554 742 1602 Quod
754 1554 820 1607 justus

63 1620 82 1659 in
99 1619 225 1661 boemundo
241 1622 332 1674 ambulat,
350 1627 369 1662 et
384 1626 473 1663 sanctum
490 1628 595 1676 exspectat
610 1623 718 1664 saeculum.
744 1623 820 1673 Videte,

62 1702 120 1742 quam
135 1690 204 1743 pulcre
215 1693 304 1731 sanxerit
314 1692 387 1733 Moses.
414 1691 453 1733 Sed
466 1691 564 1733 undenam
576 1688 635 1745 ⁹itlis,
647 1693 697 1733 haec
708 1692 820 1747 intelligere

28 1802 32 1806 ,
62 1770 85 1797 ac
102 1759 290 1812 comprehendere?
315 1761 357 1802 Nos
374 1774 423 1802 vero
436 1762 491 1814 justo
503 1762 594 1802 mandata
606 1763 740 1816 intelligentes
751 1762 819 1815 loqui-

61 1841 116 1881 mur,
138 1830 238 1883 quomodo
254 1831 350 1873 Dominus
370 1833 414 1873 istis
431 1834 542 1886 praeceptis
559 1832 596 1873 sibi
612 1832 679 1872 voluit.
710 1832 819 1884 Propterea

31 1918 34 1922 ¹
62 1900 113 1940 enim
131 1912 189 1940 aures
202 1905 282 1941 nostras
295 1906 315 1942 et
327 1903 387 1943 corda
399 1903 528 1955 circumcidit,
544 1907 565 1943 ut
581 1902 618 1943 ista
633 1902 819 1943 animadvertamus.

60 2028 92 2069 xl.
122 2027 251 2082 Baptisrncnn
267 2036 287 2070 et
302 2044 383 2072 crucem
394 2032 452 2073 Dens
465 2033 512 2084 jum
528 2032 551 2071 in
564 2031 584 2071 V.
598 2032 620 2072 T.
630 2031 819 2083 praemonstravit.

117 2109 240 2158 Quaeramus
258 2125 317 2170 uero,
333 2126 358 2154 an
374 2114 460 2155 Domino
477 2125 537 2154 curae
554 2113 626 2165 fuerit,
642 2124 775 2166 praemonere
794 2112 819 2152 de

59 2192 109 2232 aqua
121 2179 176 2219 etde
188 2192 254 2222 cruce.
280 2181 304 2223 Et
318 2182 397 2236 quidem
414 2183 439 2223 de
455 2196 506 2236 aqua
523 2184 618 2236 scriptum
633 2186 664 2222 est
677 2182 697 2222 in
710 2182 818 2233 Israelitas,

59 2262 98 2302 quo
111 2249 171 2290 modo
184 2250 307 2304 baptismum,
324 2254 358 2306 qui
377 2251 392 2277 ¹⁰
401 2253 458 2294 affert
472 2259 601 2306 peccatorum
614 2252 760 2303 remissionem,
777 2264 818 2293 non

57 2319 96 2359 sint
110 2320 217 2372 recepturi,
234 2321 270 2362 sed
287 2323 345 2363 atium
359 2324 397 2364 sihi
414 2323 430 2348 ¹¹
440 2323 533 2375 paraturi.
560 2323 612 2362 Dicit
626 2324 694 2375 itaque
708 2321 817 2374 propheta:

58 2397 96 2430 dum
116 2403 141 2431 est
161 2410 170 2432 a
192 2397 313 2442 deperditam,
334 2404 429 2447 imperare,
474 2403 502 2444 11)
516 2402 818 2446 Nonneoessumcsseputo,utcum

55 2456 165 2501 praecipere.
448 2460 507 2494 Vossio
521 2467 538 2494 et
547 2459 601 2494 Cotei.
615 2470 717 2504 reponamus
730 2456 818 2500 οἷκονομή-

80 2514 98 2554 8)
113 2516 167 2549 Clcm.
180 2518 231 2552 Alex.
244 2517 319 2563 Paedag.
332 2517 343 2550 1.
357 2528 372 2551 c.
448 2530 500 2559 novun
514 2529 552 2552 num
565 2520 588 2561 τῷ
606 2516 700 2557 οἰκοδοιιιεῖν
712 2519 819 2552 iristituenrti

80 2572 98 2614 9]
111 2571 123 2605 Ι.
137 2583 152 2605 e.
166 2575 249 2611 datdonis.
447 2564 474 2610 rc]
481 2578 558 2621 faciendi
566 2577 591 2610 uis
601 2576 657 2610 inesse
664 2580 726 2619 potest,
737 2574 786 2608 ducta
796 2574 817 2607 ab

69 2630 98 2672 10)
111 2630 192 2674 Einrpa‘pov
205 2630 268 2673 ἄφεσιν,
285 2637 367 2669 Manum).
393 2634 427 2668 cn.
447 2635 529 2668 aedificiis
545 2634 650 2678 metaphora.
675 2633 745 2666 Dansj
762 2632 817 2666 lutei-

56 2698 100 2733 quae
114 2688 134 2720 ad
147 2688 192 2721 huuc
200 2688 256 2724 locum
266 2694 331 2726 monuit
340 2696 427 2735 manate,
447 2694 482 2738 tigit
495 2692 581 2726 Barnabas
594 2692 653 2725 crebra
671 2696 687 2723 et
700 2691 817 2735 superstitiosa

56 2746 66 2780 i.
80 2757 124 2790 C-P·
138 2745 198 2792 87⁵sp
446 2751 549 2785 iudaeorum
561 2749 669 2793 baptismata.
694 2751 775 2782 tirrano.
