1765 2987
205 170 335 207 llldllTYRlllll
348 171 365 206 S.
378 171 506 207 Poetneum.
519 171 539 206 ll.
553 171 581 207 lll.
595 171 622 206 tv.
636 172 656 206 Υ.
768 173 812 215 277

52 281 88 326 sed
108 281 149 335 jam
171 280 238 335 angeli
259 284 333 321 essent.
364 278 458 322 Similiter
480 280 514 333 qui
536 280 560 321 ad
582 281 657 321 bestias
681 284 738 321 erant
760 292 812 320 cou-

53 350 146 402 demnati,
162 362 235 405 graves
252 350 351 391 eruciatus
370 347 516 403 ¹pertulerunt,
532 363 594 404 super
609 352 695 392 murices
710 351 811 405 prostrati,

51 420 154 471 uariisque
166 420 209 460 aliis
220 418 325 460 tormentis
337 419 451 470 excruciati,
466 423 494 471 ul,
509 421 526 460 si
537 420 581 461 fieri
594 423 698 474 potuisset,
714 425 811 474 tyrannus

52 501 87 532 eos
105 487 219 529 assiduitate
235 487 326 542 supplicii
342 487 366 528 ad
381 490 509 543 negationem
525 490 598 532 Christi
613 491 735 533 adduxisset.

88 616 120 657 lll.
153 615 272 657 Germanici
287 616 413 657 conternante.
429 608 557 669 ¹Polpcnnpi
572 630 629 658 mors
641 620 769 669 postulatur.

109 698 169 740 llulta
189 698 241 739 enim
263 697 360 737 adversus
381 698 427 738 illos
450 698 540 739 diabolus
560 699 682 740 machinatus
702 704 738 740 est.
770 698 809 741 Sed

50 769 114 825 gralia
130 769 155 808 sil
170 768 226 818 Deo;
248 779 293 808 nam
309 767 408 807 nemiuem
425 768 464 807 iste
479 768 651 821 vincere'potuit.
682 768 810 809 Fortissimus

51 840 102 881 enim
119 835 268 879 ²Germanieus
290 849 360 878 eorum
381 837 503 879 timiditatem
526 839 637 879 constantia
655 851 690 880 sua
707 840 810 879 corrobo-

49 910 111 958 ravin
132 909 204 961 quippe
221 908 255 960 qui
270 907 375 961 splendide
391 921 435 949 cuin
452 908 521 949 bestiis
537 909 662 961 pugnaverit,
693 908 744 949 Nam
765 921 810 949 cum

50 977 176 1033 ³proconsul
187 990 232 1018 eum
242 975 326 1017 flectere
337 978 397 1018 vellet
409 975 417 1001 ³
427 978 549 1030 diceretque,
565 983 587 1019 ut
602 991 658 1019 suam
669 979 713 1031 ipsc
725 983 809 1019 aetatem

48 1049 188 1098 miseraretur,
209 1047 243 1087 ille
258 1047 341 1087 bestiam
357 1048 409 1088 ultro
426 1048 451 1088 ad
467 1060 489 1088 se
505 1050 586 1088 attraxit
607 1049 665 1100 eique
683 1049 721 1088 vim
738 1047 808 1098 intulit,

49 1118 131 1172 cupiens
153 1117 244 1158 velocius
267 1129 294 1157 ex
315 1117 388 1170 injusta
412 1122 432 1157 et
455 1118 521 1171 iniqua
544 1118 622 1159 illorum
643 1118 745 1158 hominum
769 1117 808 1157 uita

49 1189 145 1242 effugere.
176 1187 254 1227 Exinde
270 1192 336 1227 autern
352 1189 447 1228 universa
462 1187 572 1240 multitudo,
589 1187 726 1229 fortitudinem
740 1187 767 1240 pii
784 1199 808 1226 ac

48 1257 139 1311 religiosi
163 1256 319 1297 Christianorum
345 1259 426 1311 generis
451 1256 576 1311 5admirata,
604 1258 732 1299 exclamavit:
759 1256 807 1297 tolle

48 1330 136 1383 irupios,·
150 1328 282 1382 Polycarpum
298 1329 433 1380 requiratur!

291 1455 322 1496 IV.
356 1456 445 1506 Quintus
461 1461 565 1510 apostata.

106 1536 189 1585 Quidam
205 1548 267 1588 vero,
283 1538 365 1578 nornine
382 1539 478 1590 Quintus,
499 1539 581 1578 natione
596 1537 674 1589 Phryx,
693 1536 726 1588 qui
742 1547 807 1587 nuper

47 1619 74 1647 ex
88 1607 174 1661 Phrygia
188 1607 308 1659 aduenerat,
331 1621 375 1649 cum
396 1609 479 1649 uidisset
500 1609 586 1660 bestias,
608 1608 680 1648 timore
701 1605 806 1659 perculsus

47 1681 84 1718 est.
114 1677 151 1717 Hic
167 1682 233 1717 autem
249 1682 298 1729 erat,
315 1680 348 1731 qui
364 1691 387 1719 se
403 1679 467 1733 ipsum
483 1683 503 1718 et
518 1678 568 1719 alios
582 1677 679 1730 quosdam
695 1676 805 1728 impulerat,

46 1751 66 1788 ut
87 1743 158 1788 ⁶ultro
181 1747 306 1788 accederent.
338 1749 387 1790 Huic
408 1749 519 1803 proconsul
542 1748 608 1788 multis
632 1745 806 1787 obsecrationibus

45 1817 144 1870 persuasit
156 1818 228 1871 jurare
244 1830 267 1858 ao
282 1819 403 1860 sacrificare.
434 1820 519 1871 Propter
534 1819 573 1859 hoc
586 1818 653 1872 igitur,
670 1816 748 1865 iratres,
765 1827 806 1854 non

45 1886 148 1927 laudamus
169 1898 216 1938 eos,
238 1889 271 1941 qui
287 1893 359 1942 sponte
377 1886 442 1931 ⁷sese
461 1888 560 1938 offerunt3
583 1886 745 1940 quandoquidem
765 1896 805 1925 non

45 1957 71 1997 ita
87 1953 167 1999 8docet
182 1958 319 2013 Euangelium.

228 2086 251 2128 V.
281 2086 396 2141 Polycarpi
411 2099 507 2128 secessus
523 2086 620 2127 ernisto.

103 2169 226 2223 Polycarpus
248 2172 325 2221 autent,
349 2170 380 2209 uir
403 2169 488 2210 maxime
510 2167 642 2218 admirabilis,
665 2166 760 2220 primum,
781 2177 805 2206 re

44 2237 111 2279 audita
127 2251 167 2279 non
184 2239 285 2290 turbatus,
296 2240 316 2279 in
332 2239 383 2280 urbe
393 2228 513 2293 permanere
527 2238 620 2287 uolehnt;
637 2237 728 2290 plerique
740 2241 804 2276 tamen

44 2310 62 2349 ei
73 2313 223 2362 persuaserunt,
239 2315 261 2350 ut
272 2309 385 2351 secederet.
416 2309 439 2350 Et
450 2309 535 2350 secessit
548 2309 567 2348 in
580 2308 651 2359 villam,
667 2319 707 2347 nun
723 2306 804 2346 multum

43 2379 68 2420 ab
89 2381 139 2420 urhe
161 2380 260 2431 dissitam5
281 2380 316 2421 ubi
332 2393 376 2422 curn
391 2381 461 2434 paucis
478 2376 578 2430 ⁹mausit,
600 2377 633 2418 diu
654 2381 756 2430 noctuque
776 2375 804 2416 nil

66 2504 85 2547 7)
99 2505 128 2540 llls.
145 2504 241 2550 προσιόντας
258 2503 324 2545 ἑαυτοῖς.
349 2506 413 2541 lacob—
432 2506 493 2548 fugere
513 2506 534 2540 ad
555 2505 604 2539 aliam
625 2505 710 2539 ciuitatem
737 2502 802 2546 (llatth.

43 2573 95 2596 sonus
108 2563 149 2609 legit
161 2562 269 2607 προδιδόντας
281 2563 339 2603 inuria.
363 2566 414 2599 llolte
434 2565 460 2607 li),
470 2565 517 2606 23,);
531 2567 553 2598 ita
563 2571 627 2605 tamen,
640 2570 664 2605 ut,
678 2564 690 2595 si
700 2562 760 2606 lugere
769 2572 803 2594 non

44 2622 112 2664 ⁰⁰t¹llcll
125 2626 218 2665 npoun'nrm
230 2620 292 2664 iavrig,
308 2634 346 2658 nam
364 2636 414 2669 προς·
432 2623 489 2665 licent,
502 2634 547 2656 mors
557 2628 654 2656 constanter
662 2621 731 2654 teratur,
750 2621 802 2653 Gaea.

44 2680 77 2721 ιἠμι
89 2695 111 2713 =
125 2683 202 2725 mittere,
217 2682 290 2716 tradere.
455 2681 474 2723 9)
492 2681 516 2714 lta
535 2680 641 2714 lacobsonus
661 2690 671 2713 e
690 2679 728 2713 cod.
748 2678 802 2712 Paris.

66 2738 86 2783 8)
100 2738 152 2773 lubet
163 2742 208 2773 enim
224 2742 281 2784 potius
293 2739 412 2786 EuangeHum,
432 2740 485 2773 Editi:
500 2739 557 2783 ἔτριβε.
