1789 2987
89 182 141 217 XCIV
383 179 554 216 PROLEGOHENA.
755 178 849 225 [PASTOR

151 288 290 341 Cony'ecturam
313 287 407 340 Origenis
431 300 442 328 a
465 289 531 329 multis
554 293 655 342 receptam
679 288 750 327 itermn
771 286 849 339 profert

90 359 225 410 Hieronymus
242 356 267 396 de
282 356 330 396 viris
346 356 405 396 illust.
422 368 438 396 c.
454 356 487 409 10,
503 359 529 398 ita
546 361 647 400 scribens:
663 357 760 397 Hermam
778 359 849 410 (cnjus

90 428 204 481 Apostolus
224 426 303 467 Pontos
323 427 352 467 od
370 426 478 467 Romanos
499 429 594 470 scribens
613 428 716 469 maraton:
736 427 849 478 „salutate

89 497 231 550 Aspncritunr,
248 497 391 550 Pialepoatcm,
407 495 517 548 Hermam,
533 498 658 549 Patrobom,
673 498 764 538 Hermen
780 504 799 537 ct
814 498 850 549 qod

90 580 135 608 cnm
146 568 176 608 cis
186 567 267 619 fratres
278 569 354 618 sant‘O
371 572 469 607 usserunt
485 573 591 608 auctorem
602 582 645 610 esse
657 569 713 619 libri,
729 568 765 620 qni
776 569 849 620 oppet-

90 639 147 679 lotrc·
157 638 234 679 Pastor
241 651 248 686 ,·
265 644 284 678 ct
300 639 357 690 apud
373 638 476 689 quosdam
489 638 591 680 Graeciae
603 640 704 680 ccclesias
711 641 757 692 jam
765 638 850 690 publice

90 710 172 763 leptim:
202 709 285 749 Reccro
296 709 354 749 attidis
367 709 426 758 tiber,
442 709 540 761 rnrtltiqnc
551 709 575 748 dc
587 722 611 749 co
622 710 749 762 scriptoram
758 715 850 750 ceterum

90 793 221 834 osra'paocrc
239 780 371 826 testimonia;
392 779 430 819 scd
446 780 503 831 opttd
519 778 609 821 Latinos
629 793 697 832 poetro
712 781 797 833 ipnotos
813 784 849 821 cst.

92 853 154 900 Quam
170 853 228 905 parvi
244 852 377 904 Hieronymus
394 851 437 903 ipse
453 851 499 891 alibi
514 851 585 890 tibrum
601 854 690 890 nostrum
705 850 781 902 fecerit,
797 850 849 891 inira

91 922 208 962 ridebimus.

149 992 298 1033 Posterioribus
323 992 446 1045 temporibus
472 992 527 1031 multi
553 991 586 1032 alii
611 991 632 1032 in
658 991 721 1032 verba
747 991 848 1046 Origenis,

90 1062 173 1102 Euscbii
189 1065 208 1101 et
223 1062 340 1115 Hieronymi
356 1063 487 1115 juraverunt,
509 1065 528 1101 et
543 1062 628 1101 Hermae
649 1062 762 1114 apostolico
778 1062 849 1103 iibrum

90 1132 178 1173 Pastoris
195 1132 313 1171 tribuerunt.

150 1202 213 1242 Atiam
239 1200 357 1241 sententiam
383 1200 458 1254 primas
486 1205 556 1242 auctor
580 1201 695 1256 Fragmenti
719 1201 849 1243 Horatoriani

90 1273 202 1327 eruigovit,
218 1273 244 1312 ita
260 1270 374 1311 disserens:
394 1271 509 1323 ,Pastorem
526 1283 576 1312 vero
593 1272 707 1325 nuperrime
726 1272 849 1325 temporibus

89 1343 164 1384 nostris
180 1343 200 1382 in
215 1342 265 1382 urbe
281 1341 342 1382 Roma
358 1341 430 1382 Herma
453 1339 477 1396 [i.
494 1340 590 1396 Hermas]
612 1343 741 1396 conscripsit,
764 1343 849 1384 sedente

89 1412 184 1454 cathedra
200 1413 254 1452 urbis
270 1412 346 1453 Romae
362 1412 459 1453 ecclcsiae
475 1412 509 1453 Pio
532 1413 640 1466 episcopo,
661 1413 724 1453 fratre
744 1414 793 1467 ejus.
824 1412 849 1454 Et

88 1483 135 1524 ideo
152 1483 193 1537 legi
210 1495 255 1523 eum
271 1482 350 1535 quidem
366 1487 458 1535 oportet,
479 1483 514 1523 sed
536 1483 638 1536 publicare
655 1496 705 1524 vcro
724 1484 743 1524 in
760 1484 848 1525 ccclesia

89 1554 171 1608 populo,
188 1565 253 1606 neque
269 1554 321 1594 inter
331 1553 440 1606 prophetas
452 1554 570 1607 corripietum
581 1552 606 1608 [l.
618 1552 742 1608 completos]
754 1567 846 1608 nurnero,

89 1637 156 1678 neque
172 1626 224 1664 inter
239 1624 349 1677 Apostolos
365 1624 384 1664 in
400 1623 459 1664 finem
475 1628 585 1677 temporum
601 1625 680 1678 potest“
696 1622 721 1679 Ι).

147 1695 290 1739 Testimonium
312 1694 362 1746 troc,
384 1694 437 1734 circa
459 1706 531 1735 anmrm
554 1692 595 1736 tto
616 1707 634 1747 p.
652 1694 697 1746 cn,
719 1699 741 1735 ut
759 1699 845 1748 putator,

88 1765 173 1817 editum,
196 1777 220 1806 co
237 1765 318 1818 maJoris
335 1768 365 1805 est
381 1766 486 1817 momenti,
508 1778 548 1818 quo
571 1766 682 1806 accuratius
700 1770 771 1807 auctor
787 1766 845 1820 hayus

87 1836 193 1890 fragmenti
212 1836 240 1876 Pii
263 1840 353 1889 tempora
376 1836 488 1889 attingens,
512 1836 537 1876 de
559 1849 581 1876 re
602 1837 646 1889 ipsa
668 1837 777 1877 instructus
800 1848 846 1878 esse

87 1911 177 1960 poterat,
202 1911 221 1946 et
237 1918 277 1958 qim
294 1906 367 1946 clarius
383 1906 526 1959 perspicimus,
550 1918 594 1946 eum
610 1906 682 1946 nimiae
697 1906 742 1947 libri
758 1907 845 1947 Pastoris

88 1978 226 2028 aestimationi,
246 1976 346 2025 falsaeque
362 1975 387 2016 dc
404 1981 486 2016 auctore
502 1976 591 2029 opinioni
607 1976 705 2016 obsistere
721 1977 816 2017 voluisse.

116 2095 122 2106 ι
147 2048 251 2097 Hermam,
273 2046 301 2086 Pii
316 2046 330 2085 I.
352 2045 434 2086 fratrem
456 2044 535 2100 [medio
556 2045 625 2085 seculo
641 2044 688 2101 tt),
710 2047 733 2087 ab
754 2047 845 2100 angelico

89 2122 171 2170 pastore
188 2116 292 2167 edoctum,
307 2116 378 2156 librum
395 2121 485 2157 nostrum
503 2116 659 2169 conscripsisse,
680 2117 737 2157 etiam
752 2118 845 2159 Pseudo-

89 2186 221 2227 'Pertuiiianus
239 2183 321 2240 [contra
336 2186 430 2226 Harcion.
447 2186 478 2226 lib.
495 2185 524 2226 m.
541 2199 557 2226 c.
574 2182 600 2241 9]
618 2186 687 2227 tradit:

178 2255 274 2308 ,Jamque
290 2255 335 2296 ioco
351 2267 405 2295 nono
422 2255 534 2295 cathedram
551 2257 639 2309 suscepit
654 2256 751 2310 Hyginus,

176 2326 223 2367 Post
238 2325 291 2366 hunc
307 2325 380 2365 deinde
395 2326 447 2375 Pius,
464 2326 546 2366 Hermas
564 2327 595 2366 cui
610 2328 702 2380 germine
717 2327 785 2378 irater,

177 2395 287 2450 Angeiicus
303 2401 372 2449 pastor
388 2397 420 2436 cui
431 2393 452 2450 ²)
468 2396 538 2436 tradita
554 2397 615 2437 verba
630 2397 728 2437 locutos.“

113 2581 130 2625 t)
145 2584 226 2617 Guttond,
239 2581 325 2615 Bibivct.
336 2582 402 2615 Patrum
411 2581 457 2615 Tom.
500 2581 519 2625 2)
537 2580 561 2614 Ita
579 2591 616 2614 cum
634 2580 727 2615 Hoshemio
747 2582 776 2625 (de
793 2582 845 2617 rebus

87 2639 107 2673 H.
120 2651 137 2683 p.
152 2640 191 2673 208.
218 2640 298 2675 Wisoler
314 2641 331 2673 in
343 2640 402 2673 Theoi.
417 2641 458 2674 Stu-
477 2638 537 2672 Christ⁴
556 2645 595 2673 ante
613 2638 714 2673 Constantin.
732 2640 753 2675 tt.
771 2653 788 2686 p.
802 2640 844 2685 163)

89 2698 128 2730 dien
137 2698 170 2731 und
180 2698 257 2732 it'ritilten
272 2697 324 2741 1847,
337 2697 421 2733 Fascicul.
430 2699 458 2732 tv.
477 2697 567 2743 legendnm
580 2704 626 2742 puto,
647 2698 703 2732 Editi:
717 2701 763 2745 puio.

88 2767 105 2799 p.
118 2757 151 2789 825
164 2768 189 2802 sq.
