<?xml version="1.0" encoding="UTF-8"?>
<!DOCTYPE html PUBLIC "-//W3C//DTD XHTML 1.0 Transitional//EN"
    "http://www.w3.org/TR/xhtml1/DTD/xhtml1-transitional.dtd">
<html xmlns="http://www.w3.org/1999/xhtml" xml:lang="en" lang="en">
 <head>
  <title>
</title>
<meta http-equiv="Content-Type" content="text/html;charset=utf-8" />
  <meta name='ocr-system' content='tesseract 3.04.00' />
  <meta name='ocr-capabilities' content='ocr_page ocr_carea ocr_par ocr_line ocrx_word'/>
</head>
<body>
  <div class='ocr_page' id='page_1' title='image "MN40298ucmf_0_0582.png"; bbox 0 0 1789 2987; ppageno 0'>
   <div class='ocr_carea' id='block_1_1' title="bbox 86 198 130 240">
    <p class='ocr_par' dir='ltr' id='par_1_1' title="bbox 86 198 130 240">
     <span class='ocr_line' id='line_1_1' title="bbox 86 198 130 240; baseline 0 -1"><span class='ocrx_word' id='word_1_1' title='bbox 86 198 130 240; x_wconf 87' lang='grc'>450</span> 
     </span>
    </p>
   </div>
   <div class='ocr_carea' id='block_1_2' title="bbox 85 297 456 2712">
    <p class='ocr_par' dir='ltr' id='par_1_2' title="bbox 85 297 456 2712">
     <span class='ocr_line' id='line_1_2' title="bbox 109 297 455 334; baseline -0.009 0"><span class='ocrx_word' id='word_1_2' title='bbox 109 306 135 334; x_wconf 85' lang='grc' dir='ltr'>εει</span> <span class='ocrx_word' id='word_1_3' title='bbox 147 300 187 333; x_wconf 92' lang='grc'>228.</span> <span class='ocrx_word' id='word_1_4' title='bbox 214 298 299 333; x_wconf 85' lang='lat' dir='ltr'>Catholica</span> <span class='ocrx_word' id='word_1_5' title='bbox 316 312 340 330; x_wconf 90' lang='lat'>=</span> <span class='ocrx_word' id='word_1_6' title='bbox 355 297 455 331; x_wconf 89' lang='lat' dir='ltr'>universalis</span> 
     </span>
     <span class='ocr_line' id='line_1_3' title="bbox 109 355 454 391; baseline -0.009 0"><span class='ocrx_word' id='word_1_7' title='bbox 109 358 183 391; x_wconf 87' lang='lat' dir='ltr'>ecclesia</span> <span class='ocrx_word' id='word_1_8' title='bbox 196 357 237 390; x_wconf 83' lang='grc'>272.</span> <span class='ocrx_word' id='word_1_9' title='bbox 250 356 290 390; x_wconf 79' lang='lat'>280.</span> <span class='ocrx_word' id='word_1_10' title='bbox 304 357 344 389; x_wconf 81' lang='lat'>202.</span> <span class='ocrx_word' id='word_1_11' title='bbox 367 355 454 389; x_wconf 86' lang='lat' dir='ltr'>Catholica</span> 
     </span>
     <span class='ocr_line' id='line_1_4' title="bbox 109 415 333 457; baseline -0.009 -8"><span class='ocrx_word' id='word_1_12' title='bbox 109 416 183 449; x_wconf 86' lang='lat' dir='ltr'>eeclesia</span> <span class='ocrx_word' id='word_1_13' title='bbox 196 415 279 457; x_wconf 72' lang='lat' dir='ltr'>Smyrnae</span> <span class='ocrx_word' id='word_1_14' title='bbox 293 415 333 447; x_wconf 86' lang='lat'>200.</span> 
     </span>
     <span class='ocr_line' id='line_1_5' title="bbox 85 472 329 517; baseline 0 -10"><span class='ocrx_word' id='word_1_15' title='bbox 85 473 171 517; x_wconf 90' lang='lat' dir='ltr'>Cephas</span> <span class='ocrx_word' id='word_1_16' title='bbox 184 472 276 516; x_wconf 73' lang='lat' dir='ltr'>Apostolus</span> <span class='ocrx_word' id='word_1_17' title='bbox 290 472 329 507; x_wconf 91' lang='lat'>118.</span> 
     </span>
     <span class='ocr_line' id='line_1_6' title="bbox 85 530 362 564; baseline 0 0"><span class='ocrx_word' id='word_1_18' title='bbox 85 530 220 564; x_wconf 89' lang='lat' dir='ltr'>Certandum</span> <span class='ocrx_word' id='word_1_19' title='bbox 233 530 282 563; x_wconf 90' lang='lat' dir='ltr'>nobis</span> <span class='ocrx_word' id='word_1_20' title='bbox 297 536 322 563; x_wconf 92' lang='lat' dir='ltr'>est</span> <span class='ocrx_word' id='word_1_21' title='bbox 335 531 362 564; x_wconf 85' lang='grc'>82.</span> 
     </span>
     <span class='ocr_line' id='line_1_7' title="bbox 85 587 455 623; baseline -0.003 -1"><span class='ocrx_word' id='word_1_22' title='bbox 85 588 226 623; x_wconf 87' lang='lat' dir='ltr'>Charitatis</span> <span class='ocrx_word' id='word_1_23' title='bbox 246 587 282 621; x_wconf 89' lang='lat' dir='ltr'>laus</span> <span class='ocrx_word' id='word_1_24' title='bbox 301 588 341 621; x_wconf 89' lang='grc'>120.</span> <span class='ocrx_word' id='word_1_25' title='bbox 367 587 455 621; x_wconf 86' lang='lat' dir='ltr'>Charitatis</span> 
     </span>
     <span class='ocr_line' id='line_1_8' title="bbox 109 645 454 691; baseline -0.006 -11"><span class='ocrx_word' id='word_1_26' title='bbox 109 647 193 691; x_wconf 74' lang='lat' dir='ltr'>perfectio</span> <span class='ocrx_word' id='word_1_27' title='bbox 202 647 261 691; x_wconf 89' lang='lat' dir='ltr'>nequit</span> <span class='ocrx_word' id='word_1_28' title='bbox 270 646 350 690; x_wconf 78' lang='lat' dir='ltr'>explicari</span> <span class='ocrx_word' id='word_1_29' title='bbox 359 646 399 679; x_wconf 94' lang='lat'>120.</span> <span class='ocrx_word' id='word_1_30' title='bbox 413 645 454 678; x_wconf 91' lang='lat' dir='ltr'>ldo-</span> 
     </span>
     <span class='ocr_line' id='line_1_9' title="bbox 108 704 454 748; baseline -0.006 -10"><span class='ocrx_word' id='word_1_31' title='bbox 108 716 151 738; x_wconf 84' lang='lat' dir='ltr'>neus</span> <span class='ocrx_word' id='word_1_32' title='bbox 163 715 197 737; x_wconf 93' lang='lat' dir='ltr'>non</span> <span class='ocrx_word' id='word_1_33' title='bbox 211 710 243 746; x_wconf 80' lang='lat' dir='ltr'>est,</span> <span class='ocrx_word' id='word_1_34' title='bbox 257 705 311 748; x_wconf 90' lang='lat' dir='ltr'>quiin</span> <span class='ocrx_word' id='word_1_35' title='bbox 321 715 341 737; x_wconf 89' lang='lat' dir='ltr'>ea</span> <span class='ocrx_word' id='word_1_36' title='bbox 352 704 454 746; x_wconf 87' lang='lat' dir='ltr'>inveniatur,</span> 
     </span>
     <span class='ocr_line' id='line_1_10' title="bbox 107 761 453 807; baseline -0.006 -11"><span class='ocrx_word' id='word_1_37' title='bbox 107 764 140 796; x_wconf 92' lang='lat' dir='ltr'>nisi</span> <span class='ocrx_word' id='word_1_38' title='bbox 154 773 204 807; x_wconf 84' lang='lat' dir='ltr'>quem</span> <span class='ocrx_word' id='word_1_39' title='bbox 213 761 259 795; x_wconf 90' lang='lat' dir='ltr'>Deus</span> <span class='ocrx_word' id='word_1_40' title='bbox 269 761 298 795; x_wconf 92' lang='lat' dir='ltr'>illa</span> <span class='ocrx_word' id='word_1_41' title='bbox 310 762 400 795; x_wconf 84' lang='lat' dir='ltr'>donaverit</span> <span class='ocrx_word' id='word_1_42' title='bbox 411 764 453 796; x_wconf 84' lang='lat' dir='ltr'>ibid.</span> 
     </span>
     <span class='ocr_line' id='line_1_11' title="bbox 108 819 453 864; baseline -0.006 -11"><span class='ocrx_word' id='word_1_43' title='bbox 108 819 181 864; x_wconf 80' lang='lat' dir='ltr'>Propter</span> <span class='ocrx_word' id='word_1_44' title='bbox 189 820 287 853; x_wconf 85' lang='lat' dir='ltr'>charitatem</span> <span class='ocrx_word' id='word_1_45' title='bbox 293 821 402 853; x_wconf 87' lang='lat' dir='ltr'>remittuntur</span> <span class='ocrx_word' id='word_1_46' title='bbox 410 830 453 863; x_wconf 86' lang='lat' dir='ltr'>pec-</span> 
     </span>
     <span class='ocr_line' id='line_1_12' title="bbox 109 877 455 912; baseline -0.003 -1"><span class='ocrx_word' id='word_1_47' title='bbox 109 884 146 912; x_wconf 85' lang='lat' dir='ltr'>cata</span> <span class='ocrx_word' id='word_1_48' title='bbox 156 878 195 911; x_wconf 87' lang='lat'>122.</span> <span class='ocrx_word' id='word_1_49' title='bbox 209 877 298 911; x_wconf 79' lang='lat' dir='ltr'>Charitntis</span> <span class='ocrx_word' id='word_1_50' title='bbox 307 883 402 912; x_wconf 67' lang='lat' dir='ltr'>sectatores</span> <span class='ocrx_word' id='word_1_51' title='bbox 411 887 455 910; x_wconf 90' lang='lat' dir='ltr'>con-</span> 
     </span>
     <span class='ocr_line' id='line_1_13' title="bbox 108 935 454 979; baseline -0.003 -10"><span class='ocrx_word' id='word_1_52' title='bbox 108 936 187 969; x_wconf 86' lang='lat' dir='ltr'>tumelias</span> <span class='ocrx_word' id='word_1_53' title='bbox 207 937 224 968; x_wconf 92' lang='lat' dir='ltr'>in</span> <span class='ocrx_word' id='word_1_54' title='bbox 245 946 264 968; x_wconf 91' lang='lat' dir='ltr'>se</span> <span class='ocrx_word' id='word_1_55' title='bbox 289 936 365 969; x_wconf 76' lang='lat' dir='ltr'><strong>incidere</strong></span> <span class='ocrx_word' id='word_1_56' title='bbox 385 935 454 979; x_wconf 71' lang='lat' dir='ltr'>malunt,</span> 
     </span>
     <span class='ocr_line' id='line_1_14' title="bbox 109 992 454 1038; baseline 0 -12"><span class='ocrx_word' id='word_1_57' title='bbox 109 1004 159 1038; x_wconf 90' lang='lat' dir='ltr'>quarn</span> <span class='ocrx_word' id='word_1_58' title='bbox 172 994 189 1025; x_wconf 91' lang='lat' dir='ltr'>in</span> <span class='ocrx_word' id='word_1_59' title='bbox 201 994 288 1035; x_wconf 83' lang='lat' dir='ltr'>proximos</span> <span class='ocrx_word' id='word_1_60' title='bbox 302 993 340 1025; x_wconf 92' lang='grc'>122.</span> <span class='ocrx_word' id='word_1_61' title='bbox 367 992 399 1032; x_wconf 83' lang='lat' dir='ltr'>Qut</span> <span class='ocrx_word' id='word_1_62' title='bbox 412 993 454 1027; x_wconf 86' lang='lat' dir='ltr'>cha-</span> 
     </span>
     <span class='ocr_line' id='line_1_15' title="bbox 107 1049 454 1094; baseline 0 -10"><span class='ocrx_word' id='word_1_63' title='bbox 107 1052 175 1084; x_wconf 90' lang='lat' dir='ltr'>ritatem</span> <span class='ocrx_word' id='word_1_64' title='bbox 188 1049 245 1092; x_wconf 85' lang='lat' dir='ltr'>habet,</span> <span class='ocrx_word' id='word_1_65' title='bbox 260 1049 312 1094; x_wconf 85' lang='lat' dir='ltr'>longe</span> <span class='ocrx_word' id='word_1_66' title='bbox 326 1050 375 1084; x_wconf 88' lang='lat' dir='ltr'>abest</span> <span class='ocrx_word' id='word_1_67' title='bbox 387 1061 396 1083; x_wconf 88' lang='lat' dir='ltr'>a</span> <span class='ocrx_word' id='word_1_68' title='bbox 410 1062 454 1094; x_wconf 86' lang='lat' dir='ltr'>pec-</span> 
     </span>
     <span class='ocr_line' id='line_1_16' title="bbox 109 1108 341 1143; baseline 0 -2"><span class='ocrx_word' id='word_1_69' title='bbox 109 1114 147 1141; x_wconf 87' lang='lat' dir='ltr'>eato</span> <span class='ocrx_word' id='word_1_70' title='bbox 160 1108 201 1141; x_wconf 86' lang='lat'>260.</span> <span class='ocrx_word' id='word_1_71' title='bbox 226 1108 269 1141; x_wconf 84' lang='lat' dir='ltr'>Vide</span> <span class='ocrx_word' id='word_1_72' title='bbox 282 1111 341 1143; x_wconf 74' lang='lat' dir='ltr'>Fides.</span> 
     </span>
     <span class='ocr_line' id='line_1_17' title="bbox 85 1165 360 1200; baseline 0 0"><span class='ocrx_word' id='word_1_73' title='bbox 85 1165 218 1200; x_wconf 86' lang='lat' dir='ltr'>Chiliasmus</span> <span class='ocrx_word' id='word_1_74' title='bbox 231 1165 320 1199; x_wconf 76' lang='lat' dir='ltr'>Barnabae</span> <span class='ocrx_word' id='word_1_75' title='bbox 332 1167 360 1200; x_wconf 87' lang='grc'>38.</span> 
     </span>
     <span class='ocr_line' id='line_1_18' title="bbox 86 1222 455 1258; baseline 0 0"><span class='ocrx_word' id='word_1_76' title='bbox 86 1224 199 1258; x_wconf 82' lang='lat' dir='ltr'>Christus.</span> <span class='ocrx_word' id='word_1_77' title='bbox 216 1222 416 1258; x_wconf 89' lang='lat' dir='ltr'>I.ChristusDeus.</span> <span class='ocrx_word' id='word_1_78' title='bbox 429 1224 455 1258; x_wconf 88' lang='lat' dir='ltr'>Ita</span> 
     </span>
     <span class='ocr_line' id='line_1_19' title="bbox 109 1282 454 1326; baseline 0.006 -11"><span class='ocrx_word' id='word_1_79' title='bbox 109 1293 139 1315; x_wconf 86' lang='lat' dir='ltr'>nos</span> <span class='ocrx_word' id='word_1_80' title='bbox 148 1282 212 1315; x_wconf 83' lang='lat' dir='ltr'>sentire</span> <span class='ocrx_word' id='word_1_81' title='bbox 221 1288 290 1325; x_wconf 76' lang='lat' dir='ltr'><strong>oportet</strong></span> <span class='ocrx_word' id='word_1_82' title='bbox 299 1282 320 1315; x_wconf 88' lang='lat' dir='ltr'>de</span> <span class='ocrx_word' id='word_1_83' title='bbox 330 1282 403 1326; x_wconf 69' lang='lat' dir='ltr'>Christo,</span> <span class='ocrx_word' id='word_1_84' title='bbox 415 1289 454 1317; x_wconf 91' lang='lat' dir='ltr'>tan-</span> 
     </span>
     <span class='ocr_line' id='line_1_20' title="bbox 109 1339 454 1385; baseline 0.006 -12"><span class='ocrx_word' id='word_1_85' title='bbox 109 1351 159 1385; x_wconf 90' lang='lat' dir='ltr'>quam</span> <span class='ocrx_word' id='word_1_86' title='bbox 172 1340 193 1373; x_wconf 86' lang='lat' dir='ltr'>de</span> <span class='ocrx_word' id='word_1_87' title='bbox 203 1339 240 1373; x_wconf 89' lang='lat' dir='ltr'>Deo</span> <span class='ocrx_word' id='word_1_88' title='bbox 256 1340 294 1373; x_wconf 78' lang='grc'>131.</span> <span class='ocrx_word' id='word_1_89' title='bbox 313 1340 361 1373; x_wconf 83' lang='lat' dir='ltr'>lesus</span> <span class='ocrx_word' id='word_1_90' title='bbox 372 1339 454 1384; x_wconf 76' lang='lat' dir='ltr'>Christus,</span> 
     </span>
     <span class='ocr_line' id='line_1_21' title="bbox 109 1397 455 1433; baseline 0.009 -3"><span class='ocrx_word' id='word_1_91' title='bbox 109 1397 156 1430; x_wconf 90' lang='lat' dir='ltr'>Deus</span> <span class='ocrx_word' id='word_1_92' title='bbox 170 1403 228 1430; x_wconf 89' lang='lat' dir='ltr'>noster</span> <span class='ocrx_word' id='word_1_93' title='bbox 241 1398 280 1430; x_wconf 89' lang='lat'>150.</span> <span class='ocrx_word' id='word_1_94' title='bbox 294 1399 333 1431; x_wconf 81' lang='grc'>106.</span> <span class='ocrx_word' id='word_1_95' title='bbox 347 1399 387 1433; x_wconf 93' lang='grc'>200.</span> <span class='ocrx_word' id='word_1_96' title='bbox 406 1399 455 1433; x_wconf 86' lang='lat' dir='ltr'>lesus</span> 
     </span>
     <span class='ocr_line' id='line_1_22' title="bbox 109 1454 455 1493; baseline 0.017 -6"><span class='ocrx_word' id='word_1_97' title='bbox 109 1454 184 1488; x_wconf 89' lang='lat' dir='ltr'>Christus</span> <span class='ocrx_word' id='word_1_98' title='bbox 193 1455 241 1487; x_wconf 78' lang='lat' dir='ltr'>neus</span> <span class='ocrx_word' id='word_1_99' title='bbox 254 1455 293 1488; x_wconf 83' lang='lat'>100.</span> <span class='ocrx_word' id='word_1_100' title='bbox 306 1456 346 1488; x_wconf 88' lang='lat'>222.</span> <span class='ocrx_word' id='word_1_101' title='bbox 362 1457 401 1490; x_wconf 78' lang='grc'>230,</span> <span class='ocrx_word' id='word_1_102' title='bbox 415 1458 455 1493; x_wconf 86' lang='grc'>410.</span> 
     </span>
     <span class='ocr_line' id='line_1_23' title="bbox 110 1512 455 1549; baseline 0.012 -5"><span class='ocrx_word' id='word_1_103' title='bbox 110 1512 185 1545; x_wconf 88' lang='lat' dir='ltr'>Christus</span> <span class='ocrx_word' id='word_1_104' title='bbox 194 1519 212 1545; x_wconf 94' lang='lat' dir='ltr'>ut</span> <span class='ocrx_word' id='word_1_105' title='bbox 221 1512 268 1545; x_wconf 88' lang='lat' dir='ltr'>Deus</span> <span class='ocrx_word' id='word_1_106' title='bbox 277 1513 338 1546; x_wconf 88' lang='lat' dir='ltr'>colitur</span> <span class='ocrx_word' id='word_1_107' title='bbox 346 1514 386 1547; x_wconf 86' lang='lat'>200.</span> <span class='ocrx_word' id='word_1_108' title='bbox 404 1514 455 1549; x_wconf 85' lang='lat' dir='ltr'>Chri-</span> 
     </span>
     <span class='ocr_line' id='line_1_24' title="bbox 109 1570 455 1614; baseline -0.003 -12"><span class='ocrx_word' id='word_1_109' title='bbox 109 1576 146 1603; x_wconf 88' lang='lat' dir='ltr'>stus</span> <span class='ocrx_word' id='word_1_110' title='bbox 171 1575 196 1602; x_wconf 91' lang='lat' dir='ltr'>est</span> <span class='ocrx_word' id='word_1_111' title='bbox 220 1572 304 1603; x_wconf 85' lang='lat' dir='ltr'>sententia</span> <span class='ocrx_word' id='word_1_112' title='bbox 330 1570 412 1614; x_wconf 61' lang='lat' dir='ltr'>(propos)</span> <span class='ocrx_word' id='word_1_113' title='bbox 438 1579 455 1606; x_wconf 77' lang='lat' dir='ltr'>et</span> 
     </span>
     <span class='ocr_line' id='line_1_25' title="bbox 109 1627 453 1673; baseline 0.006 -12"><span class='ocrx_word' id='word_1_114' title='bbox 109 1629 183 1672; x_wconf 81' lang='lat' dir='ltr'>cognitio</span> <span class='ocrx_word' id='word_1_115' title='bbox 201 1627 272 1671; x_wconf 71' lang='grc' dir='ltr'>(γνῶσις)</span> <span class='ocrx_word' id='word_1_116' title='bbox 286 1627 339 1662; x_wconf 81' lang='lat' dir='ltr'>Putris</span> <span class='ocrx_word' id='word_1_117' title='bbox 354 1629 392 1662; x_wconf 76' lang='grc'>151.</span> <span class='ocrx_word' id='word_1_118' title='bbox 412 1630 453 1673; x_wconf 78' lang='grc'>166;</span> 
     </span>
     <span class='ocr_line' id='line_1_26' title="bbox 108 1679 455 1730; baseline 0.014 -13"><span class='ocrx_word' id='word_1_119' title='bbox 108 1691 134 1718; x_wconf 88' lang='lat' dir='ltr'>est</span> <span class='ocrx_word' id='word_1_120' title='bbox 142 1685 217 1718; x_wconf 83' lang='lat' dir='ltr'>Verbum</span> <span class='ocrx_word' id='word_1_121' title='bbox 226 1685 257 1717; x_wconf 88' lang='lat' dir='ltr'>Dei</span> <span class='ocrx_word' id='word_1_122' title='bbox 271 1679 358 1719; x_wconf 88' lang='lat' dir='ltr'>aeternum</span> <span class='ocrx_word' id='word_1_123' title='bbox 372 1687 415 1730; x_wconf 71' lang='lat'>1783</span> <span class='ocrx_word' id='word_1_124' title='bbox 429 1694 455 1722; x_wconf 88' lang='lat' dir='ltr'>est</span> 
     </span>
     <span class='ocr_line' id='line_1_27' title="bbox 108 1743 454 1787; baseline 0.012 -11"><span class='ocrx_word' id='word_1_125' title='bbox 108 1748 194 1787; x_wconf 77' lang='lat' dir='ltr'>sceptrum</span> <span class='ocrx_word' id='word_1_126' title='bbox 207 1743 300 1785; x_wconf 81' lang='lat' dir='ltr'>majestatis</span> <span class='ocrx_word' id='word_1_127' title='bbox 310 1743 341 1776; x_wconf 88' lang='lat' dir='ltr'>Dei</span> <span class='ocrx_word' id='word_1_128' title='bbox 354 1746 382 1779; x_wconf 77' lang='grc'>71,</span> <span class='ocrx_word' id='word_1_129' title='bbox 404 1745 454 1780; x_wconf 79' lang='lat' dir='ltr'>Chri-</span> 
     </span>
     <span class='ocr_line' id='line_1_28' title="bbox 108 1800 455 1839; baseline 0.017 -6"><span class='ocrx_word' id='word_1_130' title='bbox 108 1807 143 1834; x_wconf 90' lang='lat' dir='ltr'>stus</span> <span class='ocrx_word' id='word_1_131' title='bbox 157 1802 214 1834; x_wconf 89' lang='lat' dir='ltr'>unicus</span> <span class='ocrx_word' id='word_1_132' title='bbox 228 1806 254 1833; x_wconf 88' lang='lat' dir='ltr'>est</span> <span class='ocrx_word' id='word_1_133' title='bbox 262 1800 295 1833; x_wconf 91' lang='lat' dir='ltr'>Dei</span> <span class='ocrx_word' id='word_1_134' title='bbox 306 1802 350 1835; x_wconf 86' lang='lat' dir='ltr'>filius</span> <span class='ocrx_word' id='word_1_135' title='bbox 364 1803 402 1838; x_wconf 84' lang='lat'>106.</span> <span class='ocrx_word' id='word_1_136' title='bbox 423 1804 455 1839; x_wconf 87' lang='lat' dir='ltr'>Per</span> 
     </span>
     <span class='ocr_line' id='line_1_29' title="bbox 109 1849 453 1896; baseline 0.017 -5"><span class='ocrx_word' id='word_1_137' title='bbox 109 1870 148 1892; x_wconf 90' lang='lat' dir='ltr'>eum</span> <span class='ocrx_word' id='word_1_138' title='bbox 157 1858 208 1892; x_wconf 87' lang='lat' dir='ltr'>Pater</span> <span class='ocrx_word' id='word_1_139' title='bbox 220 1849 239 1892; x_wconf 89' lang='lat' dir='ltr'>se</span> <span class='ocrx_word' id='word_1_140' title='bbox 251 1859 366 1895; x_wconf 78' lang='lat' dir='ltr'>manifestavit</span> <span class='ocrx_word' id='word_1_141' title='bbox 375 1862 414 1896; x_wconf 74' lang='grc'>118.</span> <span class='ocrx_word' id='word_1_142' title='bbox 436 1863 453 1896; x_wconf 93' lang='lat' dir='ltr'>ln</span> 
     </span>
     <span class='ocr_line' id='line_1_30' title="bbox 107 1917 454 1960; baseline 0.017 -12"><span class='ocrx_word' id='word_1_143' title='bbox 107 1917 144 1960; x_wconf 91' lang='lat' dir='ltr'>ipso</span> <span class='ocrx_word' id='word_1_144' title='bbox 164 1922 181 1949; x_wconf 92' lang='lat' dir='ltr'>et</span> <span class='ocrx_word' id='word_1_145' title='bbox 197 1918 213 1949; x_wconf 94' lang='lat' dir='ltr'>in</span> <span class='ocrx_word' id='word_1_146' title='bbox 230 1918 285 1959; x_wconf 86' lang='lat' dir='ltr'>ipsum</span> <span class='ocrx_word' id='word_1_147' title='bbox 302 1924 340 1951; x_wconf 88' lang='lat' dir='ltr'>sunt</span> <span class='ocrx_word' id='word_1_148' title='bbox 357 1922 413 1953; x_wconf 90' lang='lat' dir='ltr'>omnia</span> <span class='ocrx_word' id='word_1_149' title='bbox 426 1922 454 1954; x_wconf 82' lang='grc'>32.</span> 
     </span>
     <span class='ocr_line' id='line_1_31' title="bbox 109 1972 454 2010; baseline 0.012 -4"><span class='ocrx_word' id='word_1_150' title='bbox 109 1972 184 2006; x_wconf 86' lang='lat' dir='ltr'>Christus</span> <span class='ocrx_word' id='word_1_151' title='bbox 199 1979 225 2007; x_wconf 85' lang='lat' dir='ltr'>est</span> <span class='ocrx_word' id='word_1_152' title='bbox 237 1974 283 2007; x_wconf 91' lang='lat' dir='ltr'>orbis</span> <span class='ocrx_word' id='word_1_153' title='bbox 296 1980 378 2009; x_wconf 85' lang='lat' dir='ltr'>terrarum</span> <span class='ocrx_word' id='word_1_154' title='bbox 398 1978 454 2010; x_wconf 87' lang='lat' dir='ltr'>domi-</span> 
     </span>
     <span class='ocr_line' id='line_1_32' title="bbox 108 2031 454 2069; baseline 0.012 -4"><span class='ocrx_word' id='word_1_155' title='bbox 108 2042 140 2065; x_wconf 92' lang='lat' dir='ltr'>nus</span> <span class='ocrx_word' id='word_1_156' title='bbox 154 2032 170 2065; x_wconf 83' lang='lat'>8.</span> <span class='ocrx_word' id='word_1_157' title='bbox 191 2031 213 2065; x_wconf 88' lang='lat' dir='ltr'>Ei</span> <span class='ocrx_word' id='word_1_158' title='bbox 222 2033 278 2065; x_wconf 88' lang='lat' dir='ltr'>omnia</span> <span class='ocrx_word' id='word_1_159' title='bbox 287 2039 326 2066; x_wconf 91' lang='lat' dir='ltr'>suut</span> <span class='ocrx_word' id='word_1_160' title='bbox 334 2033 403 2068; x_wconf 88' lang='lat' dir='ltr'>subdita</span> <span class='ocrx_word' id='word_1_161' title='bbox 413 2036 454 2069; x_wconf 85' lang='lat'>258.</span> 
     </span>
     <span class='ocr_line' id='line_1_33' title="bbox 108 2089 456 2137; baseline 0.017 -16"><span class='ocrx_word' id='word_1_162' title='bbox 108 2089 162 2122; x_wconf 88' lang='lat' dir='ltr'>Filius</span> <span class='ocrx_word' id='word_1_163' title='bbox 174 2089 207 2122; x_wconf 89' lang='lat' dir='ltr'>Dei</span> <span class='ocrx_word' id='word_1_164' title='bbox 221 2091 266 2122; x_wconf 93' lang='lat' dir='ltr'>omni</span> <span class='ocrx_word' id='word_1_165' title='bbox 279 2097 356 2124; x_wconf 80' lang='lat' dir='ltr'>creatura</span> <span class='ocrx_word' id='word_1_166' title='bbox 371 2094 456 2137; x_wconf 83' lang='lat' dir='ltr'>antiquior</span> 
     </span>
     <span class='ocr_line' id='line_1_34' title="bbox 109 2147 454 2195; baseline 0.012 -15"><span class='ocrx_word' id='word_1_167' title='bbox 109 2153 135 2181; x_wconf 87' lang='lat' dir='ltr'>est</span> <span class='ocrx_word' id='word_1_168' title='bbox 152 2147 192 2180; x_wconf 83' lang='grc'>410,</span> <span class='ocrx_word' id='word_1_169' title='bbox 206 2147 246 2180; x_wconf 77' lang='lat' dir='ltr'>tle.</span> <span class='ocrx_word' id='word_1_170' title='bbox 271 2150 324 2181; x_wconf 83' lang='lat' dir='ltr'>Ante&#39;</span> <span class='ocrx_word' id='word_1_171' title='bbox 335 2150 392 2182; x_wconf 82' lang='lat' dir='ltr'>secula</span> <span class='ocrx_word' id='word_1_172' title='bbox 409 2151 454 2195; x_wconf 88' lang='lat' dir='ltr'>apud</span> 
     </span>
     <span class='ocr_line' id='line_1_35' title="bbox 110 2204 455 2243; baseline 0.017 -6"><span class='ocrx_word' id='word_1_173' title='bbox 110 2204 176 2238; x_wconf 88' lang='lat' dir='ltr'>Patrem</span> <span class='ocrx_word' id='word_1_174' title='bbox 186 2211 222 2237; x_wconf 86' lang='lat' dir='ltr'>erut</span> <span class='ocrx_word' id='word_1_175' title='bbox 230 2206 268 2238; x_wconf 78' lang='grc'>178,</span> <span class='ocrx_word' id='word_1_176' title='bbox 286 2206 312 2239; x_wconf 82' lang='lat' dir='ltr'>Ad</span> <span class='ocrx_word' id='word_1_177' title='bbox 323 2218 360 2241; x_wconf 95' lang='lat' dir='ltr'>eum</span> <span class='ocrx_word' id='word_1_178' title='bbox 368 2208 418 2242; x_wconf 86' lang='lat' dir='ltr'>Pater</span> <span class='ocrx_word' id='word_1_179' title='bbox 426 2210 455 2243; x_wconf 94' lang='lat' dir='ltr'>lo-</span> 
     </span>
     <span class='ocr_line' id='line_1_36' title="bbox 110 2265 454 2301; baseline 0.012 -5"><span class='ocrx_word' id='word_1_180' title='bbox 110 2269 158 2296; x_wconf 86' lang='lat' dir='ltr'>eutus</span> <span class='ocrx_word' id='word_1_181' title='bbox 168 2268 194 2296; x_wconf 84' lang='lat' dir='ltr'>est</span> <span class='ocrx_word' id='word_1_182' title='bbox 203 2269 241 2295; x_wconf 88' lang='lat' dir='ltr'>ante</span> <span class='ocrx_word' id='word_1_183' title='bbox 251 2265 355 2298; x_wconf 81' lang='lat' dir='ltr'>creationem</span> <span class='ocrx_word' id='word_1_184' title='bbox 364 2267 380 2299; x_wconf 90' lang='grc'>8.</span> <span class='ocrx_word' id='word_1_185' title='bbox 390 2268 417 2301; x_wconf 76' lang='grc'>12.</span> <span class='ocrx_word' id='word_1_186' title='bbox 427 2268 454 2300; x_wconf 74' lang='lat' dir='ltr'>tt.</span> 
     </span>
     <span class='ocr_line' id='line_1_37' title="bbox 109 2320 455 2368; baseline 0.009 -13"><span class='ocrx_word' id='word_1_187' title='bbox 109 2321 148 2366; x_wconf 89' lang='lat' dir='ltr'>lpse</span> <span class='ocrx_word' id='word_1_188' title='bbox 159 2320 193 2363; x_wconf 87' lang='lat' dir='ltr'>jam</span> <span class='ocrx_word' id='word_1_189' title='bbox 206 2320 248 2352; x_wconf 88' lang='lat' dir='ltr'>llosi</span> <span class='ocrx_word' id='word_1_190' title='bbox 261 2320 317 2365; x_wconf 82' lang='lat' dir='ltr'>legem</span> <span class='ocrx_word' id='word_1_191' title='bbox 331 2323 405 2365; x_wconf 75' lang='lat' dir='ltr'>tradidit,</span> <span class='ocrx_word' id='word_1_192' title='bbox 419 2325 455 2368; x_wconf 90' lang='lat' dir='ltr'>ipse</span> 
     </span>
     <span class='ocr_line' id='line_1_38' title="bbox 108 2378 455 2424; baseline 0.009 -12"><span class='ocrx_word' id='word_1_193' title='bbox 108 2390 139 2424; x_wconf 87' lang='lat' dir='ltr'>per</span> <span class='ocrx_word' id='word_1_194' title='bbox 151 2379 243 2423; x_wconf 90' lang='lat' dir='ltr'>prophetas</span> <span class='ocrx_word' id='word_1_195' title='bbox 256 2378 332 2423; x_wconf 84' lang='lat' dir='ltr'>loquitur</span> <span class='ocrx_word' id='word_1_196' title='bbox 341 2379 368 2412; x_wconf 82' lang='lat'>10.</span> <span class='ocrx_word' id='word_1_197' title='bbox 389 2380 455 2415; x_wconf 83' lang='lat' dir='ltr'>Christo</span> 
     </span>
     <span class='ocr_line' id='line_1_39' title="bbox 110 2437 456 2481; baseline 0.009 -12"><span class='ocrx_word' id='word_1_198' title='bbox 110 2438 223 2481; x_wconf 81' lang='lat' dir='ltr'>praestantius</span> <span class='ocrx_word' id='word_1_199' title='bbox 244 2437 285 2469; x_wconf 91' lang='lat' dir='ltr'>nihil</span> <span class='ocrx_word' id='word_1_200' title='bbox 311 2437 350 2470; x_wconf 76' lang='grc'>178.</span> <span class='ocrx_word' id='word_1_201' title='bbox 381 2437 456 2472; x_wconf 76' lang='lat' dir='ltr'>Christus</span> 
     </span>
     <span class='ocr_line' id='line_1_40' title="bbox 109 2493 456 2538; baseline 0.003 -11"><span class='ocrx_word' id='word_1_202' title='bbox 109 2495 147 2527; x_wconf 90' lang='lat' dir='ltr'>siue</span> <span class='ocrx_word' id='word_1_203' title='bbox 159 2493 219 2536; x_wconf 82' lang='lat' dir='ltr'>Patre,</span> <span class='ocrx_word' id='word_1_204' title='bbox 233 2495 265 2538; x_wconf 91' lang='lat' dir='ltr'>ipsi</span> <span class='ocrx_word' id='word_1_205' title='bbox 278 2495 343 2536; x_wconf 63' lang='lat' dir='ltr'>unitus²</span> <span class='ocrx_word' id='word_1_206' title='bbox 360 2495 402 2528; x_wconf 88' lang='lat' dir='ltr'>nihil</span> <span class='ocrx_word' id='word_1_207' title='bbox 415 2495 456 2528; x_wconf 87' lang='lat' dir='ltr'>fecit</span> 
     </span>
     <span class='ocr_line' id='line_1_41' title="bbox 111 2551 456 2587; baseline 0.006 -3"><span class='ocrx_word' id='word_1_208' title='bbox 111 2552 150 2585; x_wconf 80' lang='lat' dir='ltr'>tro.</span> <span class='ocrx_word' id='word_1_209' title='bbox 166 2552 204 2584; x_wconf 77' lang='grc'>178.</span> <span class='ocrx_word' id='word_1_210' title='bbox 230 2551 305 2585; x_wconf 75' lang='lat' dir='ltr'>sliristus</span> <span class='ocrx_word' id='word_1_211' title='bbox 323 2553 343 2585; x_wconf 90' lang='lat' dir='ltr'>ab</span> <span class='ocrx_word' id='word_1_212' title='bbox 359 2564 393 2586; x_wconf 92' lang='lat' dir='ltr'>uno</span> <span class='ocrx_word' id='word_1_213' title='bbox 407 2553 456 2587; x_wconf 88' lang='lat' dir='ltr'>Patre</span> 
     </span>
     <span class='ocr_line' id='line_1_42' title="bbox 110 2611 456 2654; baseline 0.003 -12"><span class='ocrx_word' id='word_1_214' title='bbox 110 2611 195 2653; x_wconf 81' lang='lat' dir='ltr'>procedit,</span> <span class='ocrx_word' id='word_1_215' title='bbox 209 2616 225 2643; x_wconf 91' lang='lat' dir='ltr'>et</span> <span class='ocrx_word' id='word_1_216' title='bbox 239 2611 259 2642; x_wconf 89' lang='lat' dir='ltr'>ad</span> <span class='ocrx_word' id='word_1_217' title='bbox 273 2622 323 2643; x_wconf 91' lang='lat' dir='ltr'>unum</span> <span class='ocrx_word' id='word_1_218' title='bbox 333 2622 413 2645; x_wconf 85' lang='lat' dir='ltr'>reversus</span> <span class='ocrx_word' id='word_1_219' title='bbox 424 2617 456 2654; x_wconf 83' lang='lat' dir='ltr'>est,</span> 
     </span>
     <span class='ocr_line' id='line_1_43' title="bbox 110 2668 456 2712; baseline 0.009 -13"><span class='ocrx_word' id='word_1_220' title='bbox 110 2672 128 2699; x_wconf 89' lang='lat' dir='ltr'>et</span> <span class='ocrx_word' id='word_1_221' title='bbox 140 2678 177 2700; x_wconf 85' lang='lat' dir='ltr'>oum</span> <span class='ocrx_word' id='word_1_222' title='bbox 191 2669 381 2712; x_wconf 80' lang='lat' dir='ltr'>unoperseverat178.</span> <span class='ocrx_word' id='word_1_223' title='bbox 397 2668 456 2703; x_wconf 91' lang='lat' dir='ltr'>Patres</span> 
     </span>
    </p>
   </div>
   <div class='ocr_carea' id='block_1_3' title="bbox 111 2725 466 2778">
    <p class='ocr_par' dir='ltr' id='par_1_3' title="bbox 111 2725 466 2778">
     <span class='ocr_line' id='line_1_44' title="bbox 111 2725 466 2778; baseline 0.006 -21"><span class='ocrx_word' id='word_1_224' title='bbox 111 2725 201 2772; x_wconf 79' lang='lat' dir='ltr'>apostolici</span> <span class='ocrx_word' id='word_1_225' title='bbox 226 2726 397 2760; x_wconf 85' lang='lat' dir='ltr'>subordinatianismo</span> <span class='ocrx_word' id='word_1_226' title='bbox 421 2737 466 2778; x_wconf 44' lang='lat' dir='ltr'>non³</span> 
     </span>
    </p>
   </div>
   <div class='ocr_carea' id='block_1_4' title="bbox 281 191 648 229">
    <p class='ocr_par' dir='ltr' id='par_1_4' title="bbox 281 191 648 229">
     <span class='ocr_line' id='line_1_45' title="bbox 281 191 648 229; baseline 0.003 -2"><span class='ocrx_word' id='word_1_227' title='bbox 281 193 351 227; x_wconf 82' lang='lat' dir='ltr'>tnnnx</span> <span class='ocrx_word' id='word_1_228' title='bbox 364 192 440 228; x_wconf 78' lang='lat' dir='ltr'>neuun</span> <span class='ocrx_word' id='word_1_229' title='bbox 453 192 480 227; x_wconf 89' lang='grc' dir='ltr'>ΕΤ</span> <span class='ocrx_word' id='word_1_230' title='bbox 493 191 648 229; x_wconf 77' lang='lat' dir='ltr'>Punsonunnn.</span> 
     </span>
    </p>
   </div>
   <div class='ocr_carea' id='block_1_5' title="bbox 496 297 844 1499">
    <p class='ocr_par' dir='ltr' id='par_1_5' title="bbox 498 297 843 401">
     <span class='ocr_line' id='line_1_46' title="bbox 498 297 843 333; baseline 0.006 -2"><span class='ocrx_word' id='word_1_231' title='bbox 498 297 556 332; x_wconf 83' lang='lat' dir='ltr'>favent</span> <span class='ocrx_word' id='word_1_232' title='bbox 569 297 608 332; x_wconf 83' lang='lat'>183.</span> <span class='ocrx_word' id='word_1_233' title='bbox 621 304 656 331; x_wconf 87' lang='lat' dir='ltr'>not.</span> <span class='ocrx_word' id='word_1_234' title='bbox 670 299 687 333; x_wconf 81' lang='lat'>7.</span> <span class='ocrx_word' id='word_1_235' title='bbox 710 297 785 332; x_wconf 85' lang='lat' dir='ltr'>Christus</span> <span class='ocrx_word' id='word_1_236' title='bbox 796 298 843 333; x_wconf 89' lang='lat' dir='ltr'>Patri</span> 
     </span>
     <span class='ocr_line' id='line_1_47' title="bbox 498 355 830 401; baseline 0.012 -13"><span class='ocrx_word' id='word_1_237' title='bbox 498 355 585 399; x_wconf 85' lang='lat' dir='ltr'>subjectus</span> <span class='ocrx_word' id='word_1_238' title='bbox 599 361 624 389; x_wconf 90' lang='lat' dir='ltr'>est</span> <span class='ocrx_word' id='word_1_239' title='bbox 637 357 693 401; x_wconf 92' lang='lat' dir='ltr'>quoad</span> <span class='ocrx_word' id='word_1_240' title='bbox 707 367 774 391; x_wconf 87' lang='lat' dir='ltr'>earnem</span> <span class='ocrx_word' id='word_1_241' title='bbox 789 359 830 392; x_wconf 81' lang='lat' dir='ltr'>ibid.</span> 
     </span>
    </p>

    <p class='ocr_par' dir='ltr' id='par_1_6' title="bbox 496 412 843 623">
     <span class='ocr_line' id='line_1_48' title="bbox 521 412 842 458; baseline 0.003 -12"><span class='ocrx_word' id='word_1_242' title='bbox 521 413 541 446; x_wconf 96' lang='lat' dir='ltr'>ll.</span> <span class='ocrx_word' id='word_1_243' title='bbox 555 412 657 449; x_wconf 89' lang='lat' dir='ltr'>Christus</span> <span class='ocrx_word' id='word_1_244' title='bbox 671 420 761 448; x_wconf 83' lang='lat' dir='ltr'>creator</span> <span class='ocrx_word' id='word_1_245' title='bbox 774 419 791 447; x_wconf 87' lang='lat' dir='ltr'>et</span> <span class='ocrx_word' id='word_1_246' title='bbox 802 415 842 458; x_wconf 88' lang='lat' dir='ltr'>opi-</span> 
     </span>
     <span class='ocr_line' id='line_1_49' title="bbox 497 471 843 514; baseline 0.006 -10"><span class='ocrx_word' id='word_1_247' title='bbox 497 471 526 505; x_wconf 82' lang='lat' dir='ltr'>fex</span> <span class='ocrx_word' id='word_1_248' title='bbox 542 473 616 506; x_wconf 88' lang='lat' dir='ltr'>omnium</span> <span class='ocrx_word' id='word_1_249' title='bbox 634 471 678 514; x_wconf 79' lang='lat'>3083</span> <span class='ocrx_word' id='word_1_250' title='bbox 698 472 743 506; x_wconf 90' lang='lat' dir='ltr'>orbis</span> <span class='ocrx_word' id='word_1_251' title='bbox 760 478 843 506; x_wconf 86' lang='lat' dir='ltr'>terrarum</span> 
     </span>
     <span class='ocr_line' id='line_1_50' title="bbox 497 529 843 575; baseline 0.003 -13"><span class='ocrx_word' id='word_1_252' title='bbox 497 529 578 563; x_wconf 87' lang='lat' dir='ltr'>Dominus</span> <span class='ocrx_word' id='word_1_253' title='bbox 591 530 607 564; x_wconf 91' lang='lat'>8.</span> <span class='ocrx_word' id='word_1_254' title='bbox 627 530 657 564; x_wconf 85' lang='lat' dir='ltr'>Sol</span> <span class='ocrx_word' id='word_1_255' title='bbox 666 540 709 575; x_wconf 91' lang='lat' dir='ltr'>opus</span> <span class='ocrx_word' id='word_1_256' title='bbox 718 540 796 563; x_wconf 87' lang='lat' dir='ltr'>manuum</span> <span class='ocrx_word' id='word_1_257' title='bbox 806 529 843 572; x_wconf 88' lang='lat' dir='ltr'>ejus</span> 
     </span>
     <span class='ocr_line' id='line_1_51' title="bbox 496 590 538 623; baseline -0.024 -1"><span class='ocrx_word' id='word_1_258' title='bbox 496 590 538 623; x_wconf 77' lang='lat' dir='ltr'>itit.</span> 
     </span>
    </p>

    <p class='ocr_par' dir='ltr' id='par_1_7' title="bbox 496 644 844 1499">
     <span class='ocr_line' id='line_1_52' title="bbox 521 644 843 681; baseline 0.009 -3"><span class='ocrx_word' id='word_1_259' title='bbox 521 645 549 678; x_wconf 91' lang='grc' dir='ltr'>ΙΙΙ.</span> <span class='ocrx_word' id='word_1_260' title='bbox 563 644 730 680; x_wconf 86' lang='lat' dir='ltr'>ChristusDeus</span> <span class='ocrx_word' id='word_1_261' title='bbox 743 650 764 679; x_wconf 89' lang='lat' dir='ltr'>et</span> <span class='ocrx_word' id='word_1_262' title='bbox 775 645 843 681; x_wconf 86' lang='lat' dir='ltr'>homo.</span> 
     </span>
     <span class='ocr_line' id='line_1_53' title="bbox 497 702 843 749; baseline 0 -12"><span class='ocrx_word' id='word_1_263' title='bbox 497 702 580 746; x_wconf 85' lang='lat' dir='ltr'>Christus,</span> <span class='ocrx_word' id='word_1_264' title='bbox 592 704 685 737; x_wconf 87' lang='lat' dir='ltr'>secundum</span> <span class='ocrx_word' id='word_1_265' title='bbox 700 714 768 738; x_wconf 88' lang='lat' dir='ltr'>earnem</span> <span class='ocrx_word' id='word_1_266' title='bbox 780 715 801 737; x_wconf 82' lang='lat' dir='ltr'>ex</span> <span class='ocrx_word' id='word_1_267' title='bbox 810 715 843 749; x_wconf 83' lang='lat' dir='ltr'>ge-</span> 
     </span>
     <span class='ocr_line' id='line_1_54' title="bbox 497 761 844 805; baseline 0 -10"><span class='ocrx_word' id='word_1_268' title='bbox 497 773 538 795; x_wconf 86' lang='lat' dir='ltr'>nere</span> <span class='ocrx_word' id='word_1_269' title='bbox 551 761 616 805; x_wconf 80' lang='lat' dir='ltr'>David,</span> <span class='ocrx_word' id='word_1_270' title='bbox 634 761 677 795; x_wconf 87' lang='lat' dir='ltr'>filius</span> <span class='ocrx_word' id='word_1_271' title='bbox 694 767 721 795; x_wconf 91' lang='lat' dir='ltr'>est</span> <span class='ocrx_word' id='word_1_272' title='bbox 735 762 808 801; x_wconf 89' lang='lat' dir='ltr'>hominis</span> <span class='ocrx_word' id='word_1_273' title='bbox 826 767 844 795; x_wconf 92' lang='lat' dir='ltr'>et</span> 
     </span>
     <span class='ocr_line' id='line_1_55' title="bbox 497 818 843 854; baseline -0.003 -1"><span class='ocrx_word' id='word_1_274' title='bbox 497 820 540 853; x_wconf 91' lang='lat' dir='ltr'>tilius</span> <span class='ocrx_word' id='word_1_275' title='bbox 558 819 590 853; x_wconf 90' lang='lat' dir='ltr'>Dei</span> <span class='ocrx_word' id='word_1_276' title='bbox 611 820 651 853; x_wconf 82' lang='lat'>170.</span> <span class='ocrx_word' id='word_1_277' title='bbox 676 820 764 854; x_wconf 88' lang='lat' dir='ltr'>Humanae</span> <span class='ocrx_word' id='word_1_278' title='bbox 782 818 843 853; x_wconf 85' lang='lat' dir='ltr'>Christi</span> 
     </span>
     <span class='ocr_line' id='line_1_56' title="bbox 496 878 843 923; baseline 0 -12"><span class='ocrx_word' id='word_1_279' title='bbox 496 883 567 912; x_wconf 91' lang='lat' dir='ltr'>naturae</span> <span class='ocrx_word' id='word_1_280' title='bbox 580 878 645 911; x_wconf 90' lang='lat' dir='ltr'>infusus</span> <span class='ocrx_word' id='word_1_281' title='bbox 658 883 685 911; x_wconf 92' lang='lat' dir='ltr'>est</span> <span class='ocrx_word' id='word_1_282' title='bbox 694 878 764 923; x_wconf 89' lang='lat' dir='ltr'>Spiritus</span> <span class='ocrx_word' id='word_1_283' title='bbox 775 883 843 912; x_wconf 89' lang='lat' dir='ltr'>sanetus</span> 
     </span>
     <span class='ocr_line' id='line_1_57' title="bbox 498 935 842 971; baseline 0 -2"><span class='ocrx_word' id='word_1_284' title='bbox 498 935 538 969; x_wconf 85' lang='grc'>388.</span> <span class='ocrx_word' id='word_1_285' title='bbox 552 935 627 970; x_wconf 92' lang='lat' dir='ltr'>Christus</span> <span class='ocrx_word' id='word_1_286' title='bbox 636 946 706 969; x_wconf 89' lang='lat' dir='ltr'>carnem</span> <span class='ocrx_word' id='word_1_287' title='bbox 715 937 794 971; x_wconf 84' lang='lat' dir='ltr'>assumsit</span> <span class='ocrx_word' id='word_1_288' title='bbox 802 936 842 970; x_wconf 84' lang='lat'>226.</span> 
     </span>
     <span class='ocr_line' id='line_1_58' title="bbox 497 991 843 1036; baseline 0.009 -12"><span class='ocrx_word' id='word_1_289' title='bbox 497 991 544 1024; x_wconf 92' lang='lat' dir='ltr'>Deus</span> <span class='ocrx_word' id='word_1_290' title='bbox 560 993 656 1026; x_wconf 90' lang='lat' dir='ltr'>humanitus</span> <span class='ocrx_word' id='word_1_291' title='bbox 673 993 792 1027; x_wconf 87' lang='lat' dir='ltr'>manifestatus</span> <span class='ocrx_word' id='word_1_292' title='bbox 811 999 843 1036; x_wconf 87' lang='lat' dir='ltr'>est,</span> 
     </span>
     <span class='ocr_line' id='line_1_59' title="bbox 496 1050 843 1085; baseline 0.009 -3"><span class='ocrx_word' id='word_1_293' title='bbox 496 1051 513 1083; x_wconf 91' lang='lat' dir='ltr'>in</span> <span class='ocrx_word' id='word_1_294' title='bbox 531 1050 624 1083; x_wconf 87' lang='lat' dir='ltr'>novitatem</span> <span class='ocrx_word' id='word_1_295' title='bbox 642 1051 689 1083; x_wconf 88' lang='lat' dir='ltr'>vitae</span> <span class='ocrx_word' id='word_1_296' title='bbox 704 1056 786 1084; x_wconf 87' lang='lat' dir='ltr'>aeternae</span> <span class='ocrx_word' id='word_1_297' title='bbox 802 1052 843 1085; x_wconf 88' lang='grc'>168.</span> 
     </span>
     <span class='ocr_line' id='line_1_60' title="bbox 497 1107 843 1153; baseline 0.006 -13"><span class='ocrx_word' id='word_1_298' title='bbox 497 1107 572 1141; x_wconf 87' lang='lat' dir='ltr'>Christus</span> <span class='ocrx_word' id='word_1_299' title='bbox 589 1119 610 1141; x_wconf 83' lang='lat' dir='ltr'>er</span> <span class='ocrx_word' id='word_1_300' title='bbox 622 1108 674 1141; x_wconf 86' lang='lat' dir='ltr'>llaria</span> <span class='ocrx_word' id='word_1_301' title='bbox 691 1120 733 1144; x_wconf 82' lang='lat' dir='ltr'>nere</span> <span class='ocrx_word' id='word_1_302' title='bbox 748 1114 843 1153; x_wconf 83' lang='lat' dir='ltr'>natusest,</span> 
     </span>
     <span class='ocr_line' id='line_1_61' title="bbox 496 1164 843 1209; baseline 0.009 -12"><span class='ocrx_word' id='word_1_303' title='bbox 496 1165 532 1198; x_wconf 86' lang='lat' dir='ltr'>edit</span> <span class='ocrx_word' id='word_1_304' title='bbox 544 1171 561 1198; x_wconf 89' lang='lat' dir='ltr'>et</span> <span class='ocrx_word' id='word_1_305' title='bbox 573 1164 623 1207; x_wconf 83' lang='lat' dir='ltr'>bibit,</span> <span class='ocrx_word' id='word_1_306' title='bbox 636 1177 678 1201; x_wconf 78' lang='lat' dir='ltr'>vere</span> <span class='ocrx_word' id='word_1_307' title='bbox 689 1176 749 1209; x_wconf 90' lang='lat' dir='ltr'>passus</span> <span class='ocrx_word' id='word_1_308' title='bbox 758 1172 776 1200; x_wconf 86' lang='lat' dir='ltr'>et</span> <span class='ocrx_word' id='word_1_309' title='bbox 785 1168 843 1200; x_wconf 87' lang='lat' dir='ltr'>eruci-</span> 
     </span>
     <span class='ocr_line' id='line_1_62' title="bbox 496 1222 844 1266; baseline 0.006 -11"><span class='ocrx_word' id='word_1_310' title='bbox 496 1222 548 1265; x_wconf 77' lang='lat' dir='ltr'>fixus,</span> <span class='ocrx_word' id='word_1_311' title='bbox 565 1234 607 1257; x_wconf 80' lang='lat' dir='ltr'>vere</span> <span class='ocrx_word' id='word_1_312' title='bbox 622 1228 699 1256; x_wconf 88' lang='lat' dir='ltr'>mortuns</span> <span class='ocrx_word' id='word_1_313' title='bbox 716 1229 752 1266; x_wconf 87' lang='lat' dir='ltr'>est,</span> <span class='ocrx_word' id='word_1_314' title='bbox 769 1229 786 1257; x_wconf 86' lang='lat' dir='ltr'>et</span> <span class='ocrx_word' id='word_1_315' title='bbox 802 1236 844 1260; x_wconf 76' lang='lat' dir='ltr'>vero</span> 
     </span>
     <span class='ocr_line' id='line_1_63' title="bbox 496 1280 843 1316; baseline 0.012 -3"><span class='ocrx_word' id='word_1_316' title='bbox 496 1281 589 1314; x_wconf 81' lang='lat' dir='ltr'>resurrexit</span> <span class='ocrx_word' id='word_1_317' title='bbox 602 1281 641 1314; x_wconf 85' lang='lat'>102.</span> <span class='ocrx_word' id='word_1_318' title='bbox 655 1281 695 1314; x_wconf 92' lang='grc'>222.</span> <span class='ocrx_word' id='word_1_319' title='bbox 715 1280 790 1316; x_wconf 89' lang='lat' dir='ltr'>Christus</span> <span class='ocrx_word' id='word_1_320' title='bbox 803 1293 843 1316; x_wconf 87' lang='lat' dir='ltr'>oar-</span> 
     </span>
     <span class='ocr_line' id='line_1_64' title="bbox 496 1338 844 1382; baseline 0.009 -11"><span class='ocrx_word' id='word_1_321' title='bbox 496 1338 540 1372; x_wconf 89' lang='lat' dir='ltr'>nalis</span> <span class='ocrx_word' id='word_1_322' title='bbox 557 1344 583 1372; x_wconf 87' lang='lat' dir='ltr'>est</span> <span class='ocrx_word' id='word_1_323' title='bbox 599 1344 616 1372; x_wconf 89' lang='lat' dir='ltr'>et</span> <span class='ocrx_word' id='word_1_324' title='bbox 632 1339 734 1382; x_wconf 84' lang='lat' dir='ltr'>spiritualis,</span> <span class='ocrx_word' id='word_1_325' title='bbox 754 1340 808 1374; x_wconf 88' lang='lat' dir='ltr'>factus</span> <span class='ocrx_word' id='word_1_326' title='bbox 826 1346 844 1374; x_wconf 86' lang='lat' dir='ltr'>et</span> 
     </span>
     <span class='ocr_line' id='line_1_65' title="bbox 497 1396 842 1441; baseline 0.006 -12"><span class='ocrx_word' id='word_1_327' title='bbox 497 1407 531 1429; x_wconf 95' lang='lat' dir='ltr'>non</span> <span class='ocrx_word' id='word_1_328' title='bbox 537 1397 598 1438; x_wconf 82' lang='lat' dir='ltr'>factus,</span> <span class='ocrx_word' id='word_1_329' title='bbox 608 1397 624 1428; x_wconf 91' lang='lat' dir='ltr'>in</span> <span class='ocrx_word' id='word_1_330' title='bbox 632 1396 700 1430; x_wconf 89' lang='lat' dir='ltr'>homine</span> <span class='ocrx_word' id='word_1_331' title='bbox 708 1399 782 1431; x_wconf 84' lang='lat' dir='ltr'>existens</span> <span class='ocrx_word' id='word_1_332' title='bbox 788 1398 842 1441; x_wconf 83' lang='lat' dir='ltr'>Deus,</span> 
     </span>
     <span class='ocr_line' id='line_1_66' title="bbox 498 1453 843 1499; baseline 0.006 -14"><span class='ocrx_word' id='word_1_333' title='bbox 498 1458 515 1486; x_wconf 88' lang='lat' dir='ltr'>et</span> <span class='ocrx_word' id='word_1_334' title='bbox 533 1463 554 1485; x_wconf 81' lang='lat' dir='ltr'>ex</span> <span class='ocrx_word' id='word_1_335' title='bbox 566 1453 618 1485; x_wconf 85' lang='lat' dir='ltr'>illaria</span> <span class='ocrx_word' id='word_1_336' title='bbox 635 1459 652 1486; x_wconf 91' lang='lat' dir='ltr'>et</span> <span class='ocrx_word' id='word_1_337' title='bbox 668 1464 689 1486; x_wconf 86' lang='lat' dir='ltr'>ex</span> <span class='ocrx_word' id='word_1_338' title='bbox 705 1454 753 1497; x_wconf 91' lang='lat' dir='ltr'>Deo,</span> <span class='ocrx_word' id='word_1_339' title='bbox 771 1456 843 1499; x_wconf 88' lang='lat' dir='ltr'>primurn</span> 
     </span>
    </p>
   </div>
   <div class='ocr_carea' id='block_1_6' title="bbox 481 1511 842 1555">
    <p class='ocr_par' dir='ltr' id='par_1_8' title="bbox 481 1511 842 1555">
     <span class='ocr_line' id='line_1_67' title="bbox 481 1511 842 1555; baseline 0.008 -12"><span class='ocrx_word' id='word_1_340' title='bbox 481 1531 482 1534; x_wconf 65' lang='lat'><em>=</em></span> <span class='ocrx_word' id='word_1_341' title='bbox 497 1511 583 1554; x_wconf 86' lang='lat' dir='ltr'>passibilis</span> <span class='ocrx_word' id='word_1_342' title='bbox 596 1516 613 1543; x_wconf 90' lang='lat' dir='ltr'>et</span> <span class='ocrx_word' id='word_1_343' title='bbox 626 1516 665 1544; x_wconf 88' lang='lat' dir='ltr'>tune</span> <span class='ocrx_word' id='word_1_344' title='bbox 678 1512 785 1555; x_wconf 88' lang='lat' dir='ltr'>impassibilis</span> <span class='ocrx_word' id='word_1_345' title='bbox 801 1513 842 1546; x_wconf 83' lang='lat'>158.</span> 
     </span>
    </p>
   </div>
   <div class='ocr_carea' id='block_1_7' title="bbox 496 1568 844 2367">
    <p class='ocr_par' dir='ltr' id='par_1_9' title="bbox 496 1568 844 2367">
     <span class='ocr_line' id='line_1_68' title="bbox 497 1568 842 1613; baseline 0 -11"><span class='ocrx_word' id='word_1_346' title='bbox 497 1568 573 1602; x_wconf 87' lang='lat' dir='ltr'>Christus</span> <span class='ocrx_word' id='word_1_347' title='bbox 583 1574 608 1602; x_wconf 89' lang='lat' dir='ltr'>est</span> <span class='ocrx_word' id='word_1_348' title='bbox 616 1569 739 1613; x_wconf 87' lang='lat' dir='ltr'>intemporalis,</span> <span class='ocrx_word' id='word_1_349' title='bbox 748 1569 842 1612; x_wconf 72' lang='lat' dir='ltr'>invisibilis,</span> 
     </span>
     <span class='ocr_line' id='line_1_69' title="bbox 496 1627 841 1672; baseline 0 -12"><span class='ocrx_word' id='word_1_350' title='bbox 496 1632 566 1671; x_wconf 88' lang='lat' dir='ltr'>propter</span> <span class='ocrx_word' id='word_1_351' title='bbox 579 1637 609 1659; x_wconf 90' lang='lat' dir='ltr'>nos</span> <span class='ocrx_word' id='word_1_352' title='bbox 622 1627 705 1670; x_wconf 86' lang='lat' dir='ltr'>visibilis,</span> <span class='ocrx_word' id='word_1_353' title='bbox 723 1627 841 1672; x_wconf 77' lang='lat' dir='ltr'>impalpabilis,</span> 
     </span>
     <span class='ocr_line' id='line_1_70' title="bbox 496 1684 842 1729; baseline 0.003 -12"><span class='ocrx_word' id='word_1_354' title='bbox 496 1685 607 1728; x_wconf 87' lang='lat' dir='ltr'>impatibilis,</span> <span class='ocrx_word' id='word_1_355' title='bbox 628 1691 700 1729; x_wconf 91' lang='lat' dir='ltr'>propter</span> <span class='ocrx_word' id='word_1_356' title='bbox 720 1695 750 1718; x_wconf 92' lang='lat' dir='ltr'>nos</span> <span class='ocrx_word' id='word_1_357' title='bbox 769 1684 842 1729; x_wconf 90' lang='lat' dir='ltr'>patibilis</span> 
     </span>
     <span class='ocr_line' id='line_1_71' title="bbox 496 1741 842 1787; baseline 0.003 -13"><span class='ocrx_word' id='word_1_358' title='bbox 496 1741 536 1775; x_wconf 83' lang='grc'>238.</span> <span class='ocrx_word' id='word_1_359' title='bbox 559 1742 633 1776; x_wconf 85' lang='lat' dir='ltr'>Christus</span> <span class='ocrx_word' id='word_1_360' title='bbox 642 1754 703 1777; x_wconf 88' lang='lat' dir='ltr'>revera</span> <span class='ocrx_word' id='word_1_361' title='bbox 713 1748 739 1776; x_wconf 90' lang='lat' dir='ltr'>est</span> <span class='ocrx_word' id='word_1_362' title='bbox 748 1753 842 1787; x_wconf 77' lang='lat' dir='ltr'>exgenere</span> 
     </span>
     <span class='ocr_line' id='line_1_72' title="bbox 496 1800 843 1844; baseline 0.003 -11"><span class='ocrx_word' id='word_1_363' title='bbox 496 1800 552 1833; x_wconf 79' lang='lat' dir='ltr'>navia</span> <span class='ocrx_word' id='word_1_364' title='bbox 567 1801 660 1834; x_wconf 88' lang='lat' dir='ltr'>secundum</span> <span class='ocrx_word' id='word_1_365' title='bbox 671 1811 745 1844; x_wconf 72' lang='lat' dir='ltr'>carnem,</span> <span class='ocrx_word' id='word_1_366' title='bbox 759 1801 801 1834; x_wconf 88' lang='lat' dir='ltr'>filius</span> <span class='ocrx_word' id='word_1_367' title='bbox 810 1800 843 1834; x_wconf 88' lang='lat' dir='ltr'>Dei</span> 
     </span>
     <span class='ocr_line' id='line_1_73' title="bbox 496 1859 843 1903; baseline 0 -11"><span class='ocrx_word' id='word_1_368' title='bbox 496 1859 589 1892; x_wconf 87' lang='lat' dir='ltr'>seeundum</span> <span class='ocrx_word' id='word_1_369' title='bbox 602 1859 707 1893; x_wconf 86' lang='lat' dir='ltr'>voluntatem</span> <span class='ocrx_word' id='word_1_370' title='bbox 721 1864 738 1892; x_wconf 90' lang='lat' dir='ltr'>et</span> <span class='ocrx_word' id='word_1_371' title='bbox 749 1861 843 1903; x_wconf 90' lang='lat' dir='ltr'>potentiam</span> 
     </span>
     <span class='ocr_line' id='line_1_74' title="bbox 496 1916 842 1961; baseline 0.003 -12"><span class='ocrx_word' id='word_1_372' title='bbox 496 1916 538 1959; x_wconf 75' lang='lat' dir='ltr'>Dei,</span> <span class='ocrx_word' id='word_1_373' title='bbox 555 1922 605 1950; x_wconf 90' lang='lat' dir='ltr'>natus</span> <span class='ocrx_word' id='word_1_374' title='bbox 621 1927 662 1950; x_wconf 83' lang='lat' dir='ltr'>vere</span> <span class='ocrx_word' id='word_1_375' title='bbox 680 1927 701 1949; x_wconf 82' lang='lat' dir='ltr'>ex</span> <span class='ocrx_word' id='word_1_376' title='bbox 717 1918 783 1961; x_wconf 79' lang='lat' dir='ltr'>virgine</span> <span class='ocrx_word' id='word_1_377' title='bbox 801 1916 842 1950; x_wconf 86' lang='lat'>222.</span> 
     </span>
     <span class='ocr_line' id='line_1_75' title="bbox 497 1973 844 2018; baseline -0.003 -11"><span class='ocrx_word' id='word_1_378' title='bbox 497 1973 572 2008; x_wconf 90' lang='lat' dir='ltr'>Christus</span> <span class='ocrx_word' id='word_1_379' title='bbox 586 1974 673 2018; x_wconf 86' lang='lat' dir='ltr'>perfectus</span> <span class='ocrx_word' id='word_1_380' title='bbox 685 1974 736 2007; x_wconf 84' lang='lat' dir='ltr'>honio</span> <span class='ocrx_word' id='word_1_381' title='bbox 750 1973 804 2007; x_wconf 87' lang='lat' dir='ltr'>faetus</span> <span class='ocrx_word' id='word_1_382' title='bbox 817 1979 844 2007; x_wconf 90' lang='lat' dir='ltr'>est</span> 
     </span>
     <span class='ocr_line' id='line_1_76' title="bbox 496 2030 842 2077; baseline -0.009 -11"><span class='ocrx_word' id='word_1_383' title='bbox 496 2033 536 2066; x_wconf 80' lang='lat'>226.</span> <span class='ocrx_word' id='word_1_384' title='bbox 563 2031 638 2067; x_wconf 79' lang='lat' dir='ltr'>Christus</span> <span class='ocrx_word' id='word_1_385' title='bbox 652 2039 678 2066; x_wconf 83' lang='lat' dir='ltr'>est</span> <span class='ocrx_word' id='word_1_386' title='bbox 690 2030 785 2077; x_wconf 72' lang='grc' dir='ltr'><strong><em>σαρκοφόρος</em></strong></span> <span class='ocrx_word' id='word_1_387' title='bbox 801 2034 842 2068; x_wconf 79' lang='lat' dir='ltr'>ibid.</span> 
     </span>
     <span class='ocr_line' id='line_1_77' title="bbox 497 2090 842 2134; baseline 0 -11"><span class='ocrx_word' id='word_1_388' title='bbox 497 2091 529 2124; x_wconf 91' lang='lat' dir='ltr'>Dei</span> <span class='ocrx_word' id='word_1_389' title='bbox 547 2091 591 2123; x_wconf 90' lang='lat' dir='ltr'>lilius</span> <span class='ocrx_word' id='word_1_390' title='bbox 611 2092 627 2123; x_wconf 93' lang='lat' dir='ltr'>in</span> <span class='ocrx_word' id='word_1_391' title='bbox 646 2102 697 2124; x_wconf 85' lang='lat' dir='ltr'>earne</span> <span class='ocrx_word' id='word_1_392' title='bbox 717 2091 796 2134; x_wconf 90' lang='lat' dir='ltr'>apparuit</span> <span class='ocrx_word' id='word_1_393' title='bbox 813 2090 842 2124; x_wconf 87' lang='grc'>32.</span> 
     </span>
     <span class='ocr_line' id='line_1_78' title="bbox 496 2148 843 2191; baseline 0 -10"><span class='ocrx_word' id='word_1_394' title='bbox 496 2148 532 2181; x_wconf 84' lang='lat' dir='ltr'>Nisi</span> <span class='ocrx_word' id='word_1_395' title='bbox 545 2150 621 2182; x_wconf 86' lang='lat' dir='ltr'>venisset</span> <span class='ocrx_word' id='word_1_396' title='bbox 633 2149 650 2181; x_wconf 92' lang='lat' dir='ltr'>in</span> <span class='ocrx_word' id='word_1_397' title='bbox 664 2159 727 2191; x_wconf 79' lang='lat' dir='ltr'>carne,</span> <span class='ocrx_word' id='word_1_398' title='bbox 740 2158 790 2181; x_wconf 92' lang='lat' dir='ltr'>nemo</span> <span class='ocrx_word' id='word_1_399' title='bbox 804 2159 843 2182; x_wconf 89' lang='lat' dir='ltr'>eum</span> 
     </span>
     <span class='ocr_line' id='line_1_79' title="bbox 496 2206 843 2251; baseline 0 -11"><span class='ocrx_word' id='word_1_400' title='bbox 496 2208 575 2251; x_wconf 86' lang='lat' dir='ltr'>aspicere</span> <span class='ocrx_word' id='word_1_401' title='bbox 588 2208 672 2250; x_wconf 91' lang='lat' dir='ltr'>potuisset</span> <span class='ocrx_word' id='word_1_402' title='bbox 685 2206 701 2239; x_wconf 84' lang='lat'>9.</span> <span class='ocrx_word' id='word_1_403' title='bbox 719 2206 797 2240; x_wconf 87' lang='lat' dir='ltr'>Clemens</span> <span class='ocrx_word' id='word_1_404' title='bbox 806 2206 843 2240; x_wconf 88' lang='lat' dir='ltr'>Ro-</span> 
     </span>
     <span class='ocr_line' id='line_1_80' title="bbox 496 2265 842 2310; baseline 0.003 -13"><span class='ocrx_word' id='word_1_405' title='bbox 496 2276 556 2298; x_wconf 91' lang='lat' dir='ltr'>manus</span> <span class='ocrx_word' id='word_1_406' title='bbox 566 2265 587 2297; x_wconf 88' lang='lat' dir='ltr'>de</span> <span class='ocrx_word' id='word_1_407' title='bbox 596 2268 681 2307; x_wconf 74' lang='lat' dir='ltr'>passione</span> <span class='ocrx_word' id='word_1_408' title='bbox 688 2269 721 2300; x_wconf 82' lang='lat' dir='ltr'>Dei</span> <span class='ocrx_word' id='word_1_409' title='bbox 729 2265 805 2310; x_wconf 90' lang='lat' dir='ltr'>loquitur</span> <span class='ocrx_word' id='word_1_410' title='bbox 814 2266 842 2298; x_wconf 86' lang='grc'>54.</span> 
     </span>
     <span class='ocr_line' id='line_1_81' title="bbox 497 2322 842 2367; baseline 0.003 -11"><span class='ocrx_word' id='word_1_411' title='bbox 497 2322 559 2356; x_wconf 84' lang='lat' dir='ltr'>Christi</span> <span class='ocrx_word' id='word_1_412' title='bbox 575 2322 655 2366; x_wconf 80' lang='lat' dir='ltr'>sanguis,</span> <span class='ocrx_word' id='word_1_413' title='bbox 674 2323 742 2367; x_wconf 83' lang='lat' dir='ltr'>sanguis</span> <span class='ocrx_word' id='word_1_414' title='bbox 755 2322 788 2355; x_wconf 89' lang='lat' dir='ltr'>Dei</span> <span class='ocrx_word' id='word_1_415' title='bbox 803 2323 842 2357; x_wconf 88' lang='lat'>152.</span> 
     </span>
    </p>
   </div>
   <div class='ocr_carea' id='block_1_8' title="bbox 497 2379 844 2775">
    <p class='ocr_par' dir='ltr' id='par_1_10' title="bbox 497 2379 844 2652">
     <span class='ocr_line' id='line_1_82' title="bbox 498 2379 844 2424; baseline 0.012 -12"><span class='ocrx_word' id='word_1_416' title='bbox 498 2379 559 2413; x_wconf 88' lang='lat' dir='ltr'>Christi</span> <span class='ocrx_word' id='word_1_417' title='bbox 577 2381 633 2424; x_wconf 88' lang='lat' dir='ltr'>passio</span> <span class='ocrx_word' id='word_1_418' title='bbox 650 2381 707 2424; x_wconf 89' lang='lat' dir='ltr'>passio</span> <span class='ocrx_word' id='word_1_419' title='bbox 723 2380 756 2413; x_wconf 78' lang='lat' dir='ltr'>nei</span> <span class='ocrx_word' id='word_1_420' title='bbox 772 2387 844 2416; x_wconf 87' lang='lat' dir='ltr'>vocatur</span> 
     </span>
     <span class='ocr_line' id='line_1_83' title="bbox 497 2437 843 2482; baseline 0.014 -13"><span class='ocrx_word' id='word_1_421' title='bbox 497 2438 538 2470; x_wconf 79' lang='grc'>204.</span> <span class='ocrx_word' id='word_1_422' title='bbox 561 2437 641 2479; x_wconf 72' lang='lat' dir='ltr'>Christus,</span> <span class='ocrx_word' id='word_1_423' title='bbox 656 2449 706 2482; x_wconf 91' lang='lat' dir='ltr'>quum</span> <span class='ocrx_word' id='word_1_424' title='bbox 714 2440 786 2482; x_wconf 89' lang='lat' dir='ltr'>primurn</span> <span class='ocrx_word' id='word_1_425' title='bbox 798 2446 843 2474; x_wconf 88' lang='lat' dir='ltr'>esset</span> 
     </span>
     <span class='ocr_line' id='line_1_84' title="bbox 498 2494 843 2540; baseline 0.012 -13"><span class='ocrx_word' id='word_1_426' title='bbox 498 2496 571 2539; x_wconf 80' lang='lat' dir='ltr'>spiritus,</span> <span class='ocrx_word' id='word_1_427' title='bbox 583 2505 622 2528; x_wconf 88' lang='lat' dir='ltr'>caro</span> <span class='ocrx_word' id='word_1_428' title='bbox 631 2494 685 2529; x_wconf 84' lang='lat' dir='ltr'>factus</span> <span class='ocrx_word' id='word_1_429' title='bbox 694 2502 719 2529; x_wconf 91' lang='lat' dir='ltr'>est</span> <span class='ocrx_word' id='word_1_430' title='bbox 730 2496 768 2530; x_wconf 79' lang='grc'>144.</span> <span class='ocrx_word' id='word_1_431' title='bbox 783 2498 843 2540; x_wconf 81' lang='lat' dir='ltr'>Quoad</span> 
     </span>
     <span class='ocr_line' id='line_1_85' title="bbox 499 2552 843 2589; baseline 0.012 -4"><span class='ocrx_word' id='word_1_432' title='bbox 499 2552 588 2585; x_wconf 89' lang='lat' dir='ltr'>humanam</span> <span class='ocrx_word' id='word_1_433' title='bbox 607 2558 683 2588; x_wconf 88' lang='lat' dir='ltr'>naturam</span> <span class='ocrx_word' id='word_1_434' title='bbox 703 2553 779 2589; x_wconf 88' lang='lat' dir='ltr'>Christus</span> <span class='ocrx_word' id='word_1_435' title='bbox 797 2556 843 2589; x_wconf 92' lang='lat' dir='ltr'>Patri</span> 
     </span>
     <span class='ocr_line' id='line_1_86' title="bbox 498 2609 755 2652; baseline 0.012 -9"><span class='ocrx_word' id='word_1_436' title='bbox 498 2609 585 2652; x_wconf 86' lang='lat' dir='ltr'>subjectus</span> <span class='ocrx_word' id='word_1_437' title='bbox 599 2616 625 2644; x_wconf 83' lang='lat' dir='ltr'>est</span> <span class='ocrx_word' id='word_1_438' title='bbox 639 2611 676 2644; x_wconf 86' lang='lat'>183.</span> <span class='ocrx_word' id='word_1_439' title='bbox 689 2618 725 2645; x_wconf 91' lang='lat' dir='ltr'>not.</span> <span class='ocrx_word' id='word_1_440' title='bbox 739 2613 755 2647; x_wconf 85' lang='grc'>7.</span> 
     </span>
    </p>

    <p class='ocr_par' dir='ltr' id='par_1_11' title="bbox 498 2667 842 2775">
     <span class='ocr_line' id='line_1_87' title="bbox 522 2667 842 2706; baseline 0.019 -6"><span class='ocrx_word' id='word_1_441' title='bbox 522 2667 549 2701; x_wconf 84' lang='lat' dir='ltr'>lv.</span> <span class='ocrx_word' id='word_1_442' title='bbox 568 2667 664 2703; x_wconf 87' lang='lat' dir='ltr'>Christi</span> <span class='ocrx_word' id='word_1_443' title='bbox 677 2671 789 2706; x_wconf 86' lang='lat' dir='ltr'>nativitas</span> <span class='ocrx_word' id='word_1_444' title='bbox 803 2672 842 2706; x_wconf 85' lang='lat'>182.</span> 
     </span>
     <span class='ocr_line' id='line_1_88' title="bbox 498 2724 842 2775; baseline 0.02 -16"><span class='ocrx_word' id='word_1_445' title='bbox 498 2724 560 2759; x_wconf 82' lang='lat' dir='ltr'>Christi</span> <span class='ocrx_word' id='word_1_446' title='bbox 569 2727 661 2762; x_wconf 87' lang='lat' dir='ltr'>adventum</span> <span class='ocrx_word' id='word_1_447' title='bbox 670 2728 766 2775; x_wconf 86' lang='lat' dir='ltr'>Prophetae</span> <span class='ocrx_word' id='word_1_448' title='bbox 775 2741 842 2767; x_wconf 88' lang='lat' dir='ltr'>aunun-</span> 
     </span>
    </p>
   </div>
   <div class='ocr_carea' id='block_1_9' title="bbox 0 0 900 2987">
    <p class='ocr_par' dir='ltr' id='par_1_12' title="bbox 0 0 900 2987">
     <span class='ocr_line' id='line_1_89' title="bbox 0 0 900 2987; baseline 0 0"><span class='ocrx_word' id='word_1_449' title='bbox 0 0 900 2987; x_wconf 95' lang='lat' dir='ltr'> </span> 
     </span>
    </p>
   </div>
  </div>
 </body>
</html>
