1765 2987
23 190 25 192 -
48 166 65 202 S.
79 164 178 210 Iouini]
340 164 511 201 Puueuuoueuu.
779 166 807 201 LV

47 269 154 329 φροντίδα
168 267 207 312 ote
222 270 318 327 σπουδῆς
334 265 389 322 ἔχειν
403 265 468 313 αὐτόν
482 269 552 322 ἀξιῶν.
582 274 616 314 His
633 272 690 315 dictis
706 272 807 312 Eusebius

47 344 135 397 priorem
151 346 228 396 partem
243 343 312 395 eapitis
328 340 341 383 3
357 342 392 395 Ep.
409 342 521 397 adSruyru
538 337 632 400 (Ἐγώ.Ι
641 338 807 395 interemor)

48 412 172 453 adverbum
189 425 215 452 ex
230 411 319 452 breviori
334 412 455 452 ieceusioue
471 412 554 466 profert
584 413 615 454 De
631 414 746 455 testimonio
762 411 807 483 Ευ-

48 482 99 523 sebii
115 480 151 521 cfr.
166 481 267 522 Peurson
284 480 420 523 VindiciaeP.
435 481 449 520 1.
465 493 482 522 c.
499 479 519 521 8.

108 549 128 605 f)
149 548 315 602 Atteuesiis1)
336 562 416 602 quoque
434 550 541 603 ignatianis
562 551 652 603 epistolis
672 553 806 595 testimouium

48 620 150 674 perhibet:
165 614 263 674 'spinog
277 610 348 669 uiuo
344 615 419 671 ‘perci
434 631 485 665 τους
498 611 670 667 Anouno'ioug
659 614 808 677 ενἏντιοχείᾳ

48 686 227 738 κατασταθεὶς
211 687 341 740 emissiones,
361 685 396 729 uui
415 686 498 745 μάρτυς
519 691 558 730 τοῦ
574 688 673 746 Xuioeoii
692 684 808 745 γενόμενος,

48 757 135 817 γράφων
150 757 202 816 περὶ
217 759 256 801 τοῦ
270 756 362 836 Kopion,
378 755 468 814 cipp-neu·
488 751 533 808 „sig
548 752 622 815 ἰατρός
638 756 694 810 ἐστι,
711 759 810 818 cuprinos

48 828 85 870 uui
99 824 247 883 πνευματικός,
262 823 346 885 pierio}
361 824 396 867 nui
413 821 524 883 expiemus,
540 826 565 870 ἐν
578 822 689 885 ἀνθρώπω
707 827 800 881 Θεός,’
788 846 810 873 εν

48 896 138 954 θανάτῳ
154 894 198 955 {cupx
213 896 315 955 ἀληθινή,
335 896 371 939 καὶ
387 894 409 939 ἐκ
424 894 517 954 Μαρίας
531 895 566 939 noi
581 896 604 940 ἐκ
620 898 696 940 oscor
726 901 758 942 Ex
773 902 809 955 Ep.

48 971 91 1024 Igu.
113 970 137 1009 ad
158 969 231 1022 Epiies.
253 982 269 1009 c.
286 969 305 1009 t.
339 969 370 1008 De
392 968 507 1009 testimonio
527 969 631 1010 Athanasii
652 969 688 1011 cfr.
708 970 809 1012 Poursou.

49 1039 158 1083 Vindicius>
168 1040 189 1081 P.
205 1040 219 1081 1.
235 1054 252 1082 c.
270 1038 289 1081 8.

108 1109 134 1164 g)
155 1111 247 1164 Denique
262 1110 413 1163 Hieronymum
424 1107 456 1164 Ἰ),
479 1109 512 1162 qui
531 1121 572 1150 uou
590 1110 629 1150 nisi
649 1111 712 1151 verba
727 1110 810 1152 Eusebii

49 1182 156 1236 repetiisse
171 1181 260 1234 videtur,
281 1180 394 1223 audiamus:
417 1179 525 1233 Ipuutius,
547 1178 691 1222 Antiocienue
708 1182 810 1224 ecciesiae

50 1254 129 1309 tertius
141 1259 192 1304 post
211 1253 294 1293 Petrum
311 1252 437 1303 Apostolum
456 1252 578 1303 episcopus,
601 1259 739 1298 commovente
758 1267 810 1305 per-

49 1323 176 1364 secutionem
199 1322 305 1375 Propino,
329 1322 442 1363 deuinctus
463 1321 491 1361 ud
509 1319 600 1372 bestius,
620 1312 709 1363 Remum
729 1323 812 1365 uinctus

49 1394 144 1433 mittitur.
177 1393 284 1445 Quumque
307 1393 412 1445 nucipuns
432 1392 543 1445 Smprnum
564 1392 667 1442 uenisset,
690 1393 727 1433 ubi
747 1394 811 1447 Polp-

51 1477 135 1516 curpus,
147 1464 231 1505 auditor
239 1463 337 1514 Jounuis,
350 1464 460 1516 episcopus
472 1467 524 1512 erut,
536 1462 624 1513 scripsit
632 1475 694 1503 unum
702 1463 812 1515 epistolum

51 1534 80 1572 uit
95 1533 206 1585 Eptestos,
223 1534 312 1573 aiterum
328 1534 357 1573 ud
370 1532 529 1584 iiupuesionos,
546 1532 628 1571 tertium
641 1533 670 1572 uri
685 1533 811 1584 Trullenses,

51 1608 147 1655 quartum
164 1604 193 1643 ud
208 1603 329 1650 Rornanos;
352 1608 372 1642 et
391 1602 441 1641 inde
462 1601 572 1653 epredieus
589 1601 678 1653 scripsit
693 1603 722 1642 ud
737 1602 812 1643 Petta-

51 1672 151 1723 deipiieos
167 1677 187 1711 et
202 1673 231 1712 uri
246 1672 385 1725 Smprnuecs,
405 1676 425 1711 et
437 1672 527 1723 proprie
544 1672 574 1712 cu
588 1672 739 1725 Polpcurpum,
757 1686 812 1714 com-

50 1742 152 1782 mendans
167 1743 199 1782 tut
209 1742 371 1783 Antiociiensem
386 1741 509 1789 ecclesium·
524 1742 547 1781 in
563 1754 606 1794 quo
618 1747 639 1781 et
650 1742 676 1781 ue
686 1742 812 1794 Euuupelio,

51 1813 108 1865 puori
123 1825 190 1865 riirper
207 1825 221 1852 u
235 1825 267 1852 me
282 1812 408 1853 translatum
424 1817 461 1863 est,
479 1824 543 1864 super
555 1824 649 1864 persono
661 1811 741 1852 Cieristi
751 1813 814 1864 ponit

51 1882 197 1932 testimouium,
214 1882 288 1922 dicens
305 1880 342 1936 [ad
356 1882 434 1935 Smyru.
451 1894 467 1922 c.
482 1879 521 1935 3).-
536 1881 598 1934 „Epo
613 1894 664 1922 uero
680 1887 762 1934 etpost
777 1895 812 1922 re-

51 1951 203 1993 surrectionem
214 1951 237 1991 in
248 1964 312 1993 curne
323 1965 368 1993 eum
378 1952 432 2003 utut,
449 1956 469 1992 et
479 1952 548 2003 credo,
565 1952 615 2005 quia
625 1952 659 1993 sit.
687 1952 716 1993 Et
729 1953 813 2006 quondo

51 2023 109 2062 uenit
130 2022 158 2062 uri
178 2022 274 2073 Petrum,
298 2028 318 2063 et
338 2023 367 2063 ud
388 2035 435 2073 eos,
460 2021 496 2075 qui
517 2034 563 2062 cum
577 2021 639 2062 Petro
661 2028 733 2074 erunt,
758 2024 817 2064 dimit

52 2092 95 2132 eis:
117 2090 184 2142 Eece,
206 2093 291 2146 pulpute
312 2105 354 2143 me,
379 2098 400 2132 et
418 2092 500 2142 uidete,
525 2091 576 2144 quic
598 2104 642 2132 non
663 2105 708 2132 sum
728 2093 815 2134 doemo-

52 2162 110 2202 nium
125 2162 266 2214 incorporale.
297 2163 325 2204 Et
344 2163 414 2203 statim
435 2162 547 2213 tetiperunt
562 2173 607 2201 eum
623 2166 643 2201 et
657 2162 816 2204 eradicemur<

52 2232 144 2284 Dipuum
159 2238 227 2273 eutem
241 2233 336 2283 uidetur,
353 2233 404 2285 quio
419 2232 471 2272 tunti
486 2232 529 2272 oiri
542 2231 632 2284 [ecimus
649 2233 779 2285 mentionem,
796 2238 816 2273 et

53 2302 78 2342 de
94 2302 185 2354 epistola
200 2304 260 2355 ejus,
277 2316 338 2356 quum
354 2303 382 2343 ud
396 2303 503 2343 Romuncs
519 2299 575 2357 (cup.
591 2300 628 2357 V.)
644 2302 730 2353 scribit,
744 2315 817 2354 pauco

51 2383 145 2423 ponere:
159 2372 208 2423 „De
219 2373 284 2426 Spriu
298 2374 388 2426 usque“,
402 2377 440 2414 etc.
453 2377 490 2414 eto.
522 2373 629 2425 Quumque
640 2374 689 2425 jum
704 2374 816 2414 dumnutus

54 2448 109 2483 esset
128 2443 157 2484 ud
177 2443 268 2496 bestius,
291 2444 369 2485 urdore
387 2444 498 2495 potiendi,
522 2456 584 2497 quum
603 2443 710 2495 rupieutes
731 2443 817 2483 audiret

54 2512 137 2563 leones,
164 2513 206 2553 uit:
232 2513 373 2565 „frumentum
398 2513 478 2554 Christi
499 2526 557 2564 sum,
584 2512 680 2553 dentibus
701 2513 817 2554 bestiarum

54 2581 129 2632 molor,
145 2587 169 2622 ut
181 2583 248 2634 punis
262 2584 353 2625 muudus
369 2583 488 2624 inueniur.“
519 2580 563 2637 [Ex
578 2582 614 2636 Ep.
630 2581 654 2624 ud
667 2581 723 2624 Rom.
738 2595 755 2624 c.
770 2581 817 2638 tv.)

54 2651 133 2691 Possus
149 2657 181 2692 est
196 2666 251 2694 unno
267 2653 377 2694 undecimo
396 2653 491 2707 Trujuni.

79 2730 97 2774 1)
111 2730 138 2764 De
150 2741 187 2774 syn.
198 2730 251 2766 Arim.
264 2738 282 2767 et
294 2732 361 2770 sueno.
373 2744 390 2769 u.
399 2731 440 2780 47.Ι
471 2733 490 2777 2)
503 2731 531 2767 De
542 2733 584 2769 viris
595 2732 657 2768 illustr.
670 2744 685 2768 c.
699 2732 727 2766 16.

91 2801 135 2827 saites
144 2804 186 2833 apost.
197 2801 222 2827 uu.
233 2801 256 2827 iv.
639 2843 642 2847 ⁴
659 2791 676 2834 D
