1765 2987
294 163 424 221 nanrrmmr
436 164 453 199 s.
466 164 555 201 rourum
568 166 588 204 n.
778 168 821 211 247

210 270 232 311 ΙΙ.
261 271 358 324 tonarius
374 285 388 312 o
405 272 499 325 Trojano
516 276 674 316 condemnatur.

46 382 48 384 ,
105 340 219 382 Ῥοείἢεεο
235 341 286 381 enim
304 341 412 395 Trajauus,
430 342 501 385 ¹nouo
517 346 594 400 imperii
609 347 640 386 sui
656 359 721 398 anno,
737 346 822 387 victoria

64 409 88 450 de
105 409 183 463 Scythis
200 415 219 451 et
230 411 289 451 Dacis
305 411 389 464 aliisque
405 413 469 454 multis
485 416 578 468 gentibus
594 420 694 469 reportata
711 417 780 467 etntus,
797 415 822 456 ad

62 480 208 533 subjectionem
224 482 310 522 omnium
326 481 363 521 sibi
377 482 440 523 adhuc
454 485 506 536 pium
518 484 674 526 Christianorum
689 491 767 527 coetum
782 486 821 526 de-

63 562 109 591 esse
119 555 181 602 ratus,
191 551 401 605 persecutionemque,
413 553 450 593 nisi
462 553 579 594 daemonum
589 556 660 595 cuttum
672 568 716 595 cnm
728 556 820 596 omnibns

61 620 155 674 gentibus
171 618 368 674 ²arnptecrcrenmr,
390 622 486 674 minutus,
509 621 598 663 Sonrnes
617 624 712 677 religiose
729 625 820 665 viventes

61 694 95 731 ant
115 690 228 731 sacrificare
248 696 281 731 aut
302 691 352 747 mori
372 691 463 744 cogebat.
495 692 544 731 Tum
566 704 615 732 vero
636 705 673 745 pro
695 694 821 734 Antiocheno

62 759 148 800 ecclesia
159 760 304 813 pertimescens
315 772 428 813 generosus
441 760 513 801 Christi
528 761 583 801 miles
600 759 688 814 4sponte
705 761 775 802 ductus
792 766 822 802 est

61 828 85 868 ad
97 828 210 884 ijannm,
227 829 260 881 qui
276 841 301 870 eo
317 834 407 882 tempore
419 828 538 870 Antiochiae
554 830 632 883 quidem
648 823 768 881 morabatur,
784 830 821 871 sed

61 902 129 938 contra
146 897 260 938 Armeniam
282 903 301 938 et
316 898 399 939 Parthos
419 898 449 938 ire
471 898 582 940 festinabat.
614 899 638 940 Ut
656 912 705 941 vero
726 900 747 940 in
768 912 821 941 con-

60 974 130 1022 spectu
142 969 223 1023 Trajani
233 969 359 1028 imperatoris
372 969 438 1008 stetit:
454 969 542 1021 quises,
559 969 629 1023 inquit,
647 983 658 1011 c
671 970 820 1020 cacodaemone,

61 1040 96 1091 qut
107 1044 181 1079 nostro
191 1039 294 1079 incantant
304 1038 427 1091 trnnspredi
438 1040 531 1089 castioris,
544 1039 662 1092 ⁵sitnnlqnc
673 1040 722 1079 otiis
733 1040 818 1090 strodes,

59 1115 83 1150 nt
97 1110 149 1150 inan
162 1114 258 1161 percont.
288 1109 376 1163 ignatius
392 1108 508 1162 respondit:
524 1122 583 1150 nerino
597 1110 742 1162 Tircoptrorcnn
756 1114 822 1150 aocet

61 1180 248 1226 cacodaemonem
271 1179 419 1219 abscesserant
440 1180 494 1218 enirn
517 1180 629 1220 cluernonic
650 1193 663 1219 c
683 1180 752 1221 scamis
772 1179 819 1219 Dei.

60 1249 97 1289 Sin
113 1262 170 1300 cero,
188 1250 238 1301 qtrt'c
253 1250 282 1288 iis
298 1249 389 1301 infestus
405 1261 457 1298 scrin,
474 1262 505 1288 nze
521 1246 600 1289 6etiarn
610 1250 687 1289 rnninrn
699 1250 721 1288 tn
733 1250 819 1289 dnerno-

59 1332 99 1359 neas
115 1331 185 1368 cocos,
203 1320 315 1359 assentior.
348 1317 399 1357 Corn
414 1319 468 1357 enim
484 1318 572 1358 irrideam
589 1318 694 1358 Ctrrtsnnn
712 1319 820 1358 coetestem

59 1402 134 1441 repom,
151 1388 242 1430 insidias
258 1389 343 1429 illumne
359 1387 461 1428 dissolvo.
492 1387 520 1428 At
535 1389 646 1442 'rr-ajanus,
664 1388 711 1440 qnis
728 1393 770 1437 est,
786 1389 819 1439 ait,

61 1458 215 1510 Tireo'picorns?
244 1458 332 1511 ignatius
353 1451 469 1509 respondit:
491 1459 522 1509 is,
546 1459 581 1511 qni
596 1458 659 1499 leniret
676 1458 781 1499 Cicrtstnrn
797 1458 819 1496 in

56 1535 149 1583 perrois.
180 1529 229 1569 Tum
242 1528 346 1582 Trajrrnus,
364 1540 435 1568 annon
451 1528 546 1568 videmur
562 1528 606 1578 tibi,
623 1528 693 1581 inquit,
709 1527 820 1567 ernosto

59 1602 129 1641 aniano
140 1604 222 1652 pestere
231 1598 288 1638 Deos
299 1603 392 1647 nostros,
404 1596 479 1650 occidus
490 1600 594 1639 ortncrsns
602 1599 673 1639 nostes
685 1596 820 1649 effectoribus

58 1670 152 1712 unimur?
182 1668 270 1722 ignatius
286 1667 400 1720 respondit:
422 1668 533 1707 dnenronin
552 1669 643 1720 pontiam
663 1681 738 1708 errans
753 1680 819 1708 cocos

58 1740 129 1787 Deos·
146 1743 176 1779 cst
192 1737 244 1778 einim
260 1749 314 1777 rrrrns
330 1737 398 1786 Dens,
415 1738 451 1790 atti
468 1738 546 1777 coetum
562 1743 582 1778 et
597 1743 675 1778 terr-arn
692 1728 712 1777 et
727 1750 784 1777 errore
801 1742 821 1777 et

60 1811 135 1860 onzntn,
153 1821 207 1860 quiue
223 1813 273 1848 scirit
287 1807 310 1847 in
326 1808 359 1858 iis7
373 1809 438 1859 [θείω
454 1812 474 1847 er
488 1820 542 1848 tinais
560 1808 656 1848 Christos
671 1807 745 1857 Jesns,
761 1806 819 1858 filins

58 1879 99 1920 Dei
120 1878 251 1931 niripcnitus,
273 1878 335 1928 ctrjrrs
356 1889 420 1929 repon
441 1878 522 1918 aaaron
537 1877 612 1928 [r'nort
643 1878 740 1930 Trajauns
758 1876 818 1916 dixit:

59 1950 207 1999 iilnmdicis,
230 1949 266 2001 qai
285 1948 323 1988 snb
339 1948 415 1989 Pontio
431 1948 500 1988 Pilato
523 1948 637 2000 crucifixas
653 1947 701 1987 est?
731 1946 819 2000 ignatius

58 2019 173 2074 respondit:
198 2032 255 2069 carun,
277 2019 313 2071 quai
329 2020 352 2059 in
368 2033 448 2061 crncern
464 2024 511 2060 sust
523 2019 551 2059 ur
563 2024 674 2070 trecentum
692 2031 758 2058 meam
774 2030 821 2057 corn

60 2093 104 2139 eius
119 2091 241 2140 insectatore,
264 2094 285 2129 et
299 2102 378 2130 arannem
394 2103 487 2131 errorem
508 2090 677 2138 claremontensis,
701 2099 820 2139 crucemque

59 2160 161 2200 natalitiam
177 2159 281 2199 darrtrrans
294 2159 386 2212 scrbjecit
396 2160 487 2213 pedibus
502 2171 583 2209 eornm,
600 2159 636 2210 qni
647 2159 713 2210 ipsam
725 2157 747 2196 in
758 2157 820 2197 corde

58 2235 140 2283 ceruini.
166 2232 192 2270 At
204 2230 308 2284 Trajanus
324 2244 381 2284 erpa,
394 2232 426 2283 ait,
437 2232 493 2283 perus
505 2230 528 2269 in
539 2234 557 2269 te
573 2228 702 2281 crncificnrn.
730 2227 819 2281 ignatius

59 2393 97 2415 rus:
110 2388 129 2417 nt
138 2383 232 2416 decuriones
242 2383 333 2417 coleron
339 2387 349 2416 t.
368 2383 430 2417 Peter·
449 2380 545 2424 Trajanmn,
553 2386 572 2413 nt
582 2390 620 2412 eum
629 2378 705 2423 piacaret
714 2375 820 2421 expositione

59 2433 122 2482 urrann,
135 2438 188 2483 Ignat.
201 2438 255 2482 Epist⁴
268 2450 284 2482 p.
298 2439 333 2472 453
345 2451 370 2484 sq.
450 2440 539 2472 doetrinae
553 2438 664 2478 christianae,
684 2441 722 2477 aut,
739 2435 754 2467 si
766 2434 819 2466 nrinus

83 2497 102 2539 3)
118 2495 136 2531 Ὀ
152 2495 203 2539 φόβος
219 2503 258 2530 ante
275 2495 337 2534 πάντας
355 2498 372 2530 in
388 2497 430 2530 disto
450 2497 570 2541 complacare
584 2500 650 2538 posset,
663 2499 714 2526 totam
728 2492 769 2523 iram
782 2490 819 2532 ejus

60 2556 104 2590 male
117 2556 190 2590 additum
203 2549 318 2589 assumentum
332 2561 368 2597 est,
386 2555 430 2600 quod
450 2558 486 2599 ipse
504 2556 601 2597 exciperet,
619 2552 743 2594 ecclesiamque
757 2549 819 2582 Antio-

60 2620 121 2658 neuter
140 2619 191 2647 verus
209 2614 239 2647 Int¹
258 2613 318 2647 latinus
337 2615 353 2646 in
367 2612 431 2647 Codice
450 2613 520 2647 chennm
533 2612 558 2644 sic
566 2616 612 2644 metu
621 2610 709 2643 liberaret.
727 2609 819 2642 Granicus.

60 2657 91 2707 suo
104 2673 179 2719 legebat.
198 2674 293 2706 Jscossou.
474 2670 492 2713 5)
506 2668 565 2702 Metius
578 2669 612 2699 τοῦ.
623 2657 691 2701 durem

83 2733 104 2777 d]
118 2732 193 2778 ignatius
210 2734 271 2774 sponte
287 2740 306 2763 se
323 2730 394 2764 contulit
410 2730 430 2764 ad
473 2728 492 2772 a]
505 2728 539 2758 Καὶ
553 2726 632 2760 abundat.
652 2728 714 2760 Sanun.
