1789 2987
90 206 133 247 452

113 316 172 344 tronus
185 315 202 344 et
214 310 303 345 auxiliator
321 308 361 343 100,
387 306 461 342 Christos

115 376 141 404 est
153 371 267 414 sempiternus
276 368 353 413 pontifex
362 367 402 401 271.
421 366 463 399 Sine

115 428 182 461 Christo
196 428 241 461 nulla
250 428 295 461 salus
305 427 339 460 410
346 437 371 470 sq.
385 423 461 457 Christus

285 199 445 235 1111111111
458 199 487 233 ur
500 189 654 234 1115111111.

502 306 571 340 Domini
584 306 616 349 14,
630 305 659 339 hlii
672 304 768 340 dilectionis
781 310 797 339 el
810 306 849 340 lae-

503 366 595 406 111111114;
613 365 643 398 11111
661 364 755 398 dilectionis
773 370 791 398 et
802 366 850 409 pacis

503 425 535 465 503
549 424 577 457 lilii
591 423 633 456 lucis
647 429 664 456 et
676 424 753 457 veritatis
766 423 807 458 210.

114 492 162 531 porta
183 492 208 520 est
227 487 248 519 ad
265 486 332 519 Patrem
351 485 392 519 itta.
423 482 461 526 Ipse
482 480 661 516 Christianorum
682 487 707 515 est
725 482 851 515 Testamentum

113 545 191 589 perlecta
205 544 254 586 fides,
268 546 279 577 i.
291 556 305 577 e.
319 543 396 587 perfecte
407 541 462 574 fidelis

504 546 560 583 vetus,
575 546 592 573 et
605 540 648 574 cur?
661 541 677 574 6.
691 541 719 575 36.

115 603 193 636 151230.
220 602 295 636 Christus
314 608 339 635 151
352 612 391 645 spes
405 605 462 633 nostra
482 597 659 633 Christianorum
696 601 769 634 mores
806 599 851 641 3013

115 661 131 694 7.
146 661 185 694 170.
204 661 246 703 182;
267 666 293 694 151
311 672 350 706 spes
368 665 385 693 et
402 660 462 704 pignus

113 718 191 761 justitiae
211 726 281 753 nostrae
303 719 343 753 264.
372 718 462 753 Justihcari

74 765 76 769 Α
116 787 149 810 non
162 788 260 822 possumus,
274 780 306 812 nisi
317 779 333 811 in
344 776 409 811 Christo
423 776 463 810 814.

116 834 149 868 Ρ11
159 835 243 869 Christum
253 837 338 871 salvamur
350 838 393 871 itio.
413 834 463 869 Chri-

116 900 152 927 stus
171 905 213 928 vera
231 901 248 928 et
266 896 369 938 sempiterna
388 900 414 928 est
430 896 464 928 vita

116 957 174 984 nostra
189 951 227 984 154.
242 954 281 986 172.
296 954 335 986 224.
353 952 464 986 Omnishea-

116 1010 172 1043 titudo
187 1010 236 1043 nobis
249 1022 280 1055 per
289 1009 374 1044 Christum
387 1009 465 1043 tribuitur

116 1068 160 1109 102;
178 1070 214 1112 ipse
230 1071 305 1103 servavit
323 1079 354 1102 nos
371 1074 463 1113 pereuntes

117 1127 160 1169 1343
175 1126 248 1161 Christus
261 1127 308 1161 solus
322 1127 382 1160 doctor
394 1132 419 1159 cst
431 1137 464 1159 no-

117 1192 153 1219 ster
169 1192 186 1219 et
205 1185 265 1219 doctor
283 1186 404 1230 prophetarum
423 1185 463 1219 180.

118 1244 157 1277 164.
183 1243 209 1277 01
222 1250 276 1278 morte
290 1243 353 1277 Christi
369 1244 463 1286 expiatoria

117 1302 148 1335 cfr.
162 1313 211 1346 supra
227 1301 257 1336 Nr.
270 1302 298 1336 IV.
312 1302 340 1336 Vl.

142 1360 184 1394 VllI.
200 1359 464 1396 Christiresurrectio

118 1420 158 1453 tto.
174 1419 212 1452 182.
238 1418 314 1454 Christus
332 1419 417 1462 priminae
434 1427 464 1449 re-

117 1478 227 1512 surrectionis
241 1477 269 1511 88.
294 1477 369 1510 Christus
387 1487 418 1520 per
434 1486 464 1509 re·

119 1537 243 1570 surrectionem
262 1536 318 1569 elevat
335 1534 415 1569 vexillum
433 1544 464 1578 pro

118 1594 196 1627 fidelibus
213 1594 246 1627 suis
262 1594 302 1627 222.
329 1591 405 1626 Christus
422 1603 464 1626 vere

118 1663 136 1686 se
149 1654 204 1696 ipsum
217 1652 325 1686 resuscitarit
336 1650 381 1691 2223
396 1650 464 1684 aPatre

118 1711 227 1744 resuscitatus
237 1715 262 1743 est
273 1710 312 1743 102.
324 1709 364 1743 228.
374 1709 414 1742 256.
424 1708 464 1742 258.

118 1768 159 1802 266.
177 1768 218 1801 271.
244 1768 319 1802 Christus
341 1773 357 1801 11
375 1772 415 1811 post
434 1777 464 1800 re-

118 1828 242 1860 surrectionem
262 1829 279 1860 in
301 1837 352 1860 carne
372 1826 404 1858 fuit
423 1825 463 1858 222.

117 1884 198 1928 Apostoli
210 1885 326 1928 crediderunt,
341 1882 424 1918 Christum
433 1893 464 1916 re-

117 1943 218 1985 surrexisse,
224 1944 298 1977 11111111
304 1943 406 1987 (commixti)
413 1952 464 1975 carne

117 2002 169 2045 ipsius
183 2006 199 2033 et
211 2001 270 2044 spiritu
278 2001 319 2034 224.
339 2000 415 2034 Christus
424 2005 464 2044 post

117 2052 259 2092 resurrectionem
269 2070 305 2092 cunr
315 2058 402 2102 Apostolis
414 2067 463 2090 com-

118 2116 153 2149 edit
166 2122 183 2149 et
195 2116 247 2160 bibit,
260 2123 278 2150 ut
291 2116 373 2157 carnalis,
387 2116 463 2161 quamvis

117 2174 225 2218 spiritualiter
233 2177 289 2208 unitus
296 2174 341 2207 Patri
349 2174 389 2207 224.
403 2173 464 2207 Christi

117 2233 221 2265 resurrectio
234 2232 328 2275 corporalis
336 2231 386 2264 simul
399 2236 415 2263 11
426 2231 463 2274 spi-

118 2289 182 2323 ritualis
190 2289 230 2323 232.
251 2288 326 2322 Christus
339 2289 366 2322 die
379 2289 463 2322 dominica

117 2349 210 2381 resurrexit
223 2347 251 2381 40.
266 2347 305 2380 180.

505 656 638 692 Christianorum
657 658 714 692 ollicia
732 658 852 693 describuntur

505 715 533 750 84.
543 716 582 750 260.
591 716 631 750 240.
651 715 742 750 Christiani
755 716 771 750 id
784 717 852 750 5111111

506 775 574 818 mundo,
584 775 628 820 quod
638 776 693 808 anima
703 776 720 809 iu
731 786 803 821 corpore
812 776 852 810 306.

505 833 539 878 lpsi
548 833 627 866 mundum
637 840 739 868 conservant
747 836 790 870 ibid.
802 833 851 867 Chri-

506 892 555 926 stiani
564 891 581 923 in
590 903 640 925 carne
649 898 693 935 sunt,
707 893 736 927 sed
746 904 779 927 non
788 904 852 927 secuu-

508 950 546 982 dum
564 960 632 982 carnem
650 951 709 984 vivunt
726 950 770 993 3043
791 962 853 998 umores

505 1006 568 1039 ducunt
586 1013 603 1040 11
621 1007 685 1041 liberos
702 1015 803 1052 procreant,
822 1009 853 1042 sed

506 1077 539 1099 non
552 1065 635 1108 abjiciunt
652 1066 708 1100 foetus
725 1070 777 1110 ibid.;
796 1067 852 1101 male-

507 1124 555 1157 dictis
579 1125 686 1158 incessuntur
710 1132 727 1159 et
748 1126 853 1160 benedicunt

506 1182 551 1224 3063
566 1182 682 1228 obsequuntur
691 1183 766 1229 legibus,
780 1190 797 1218 et
807 1185 853 1218 vitae

506 1252 547 1275 suae
560 1252 625 1286 genere
638 1242 687 1287 leges
705 1249 786 1287 superant
800 1245 852 1285 ibid.;

507 1311 582 1333 mensam
602 1311 709 1334 oomnmnem
726 1301 790 1335 hahent
808 1301 853 1343 3013

507 1358 625 1402 indigenarum
638 1359 713 1392 instituta
730 1365 823 1404 sequuntur
835 1361 853 1393 in

506 1417 577 1459 vestitu,
589 1417 635 1450 rictu
649 1422 681 1451 etc.
697 1420 738 1453 itta.
763 1416 854 1452 Christiani

506 1475 587 1519 templum
601 1481 650 1518 sunt,
666 1482 801 1510 consummatum
814 1475 853 1510 Deo

506 1534 522 1568 1.
536 1535 563 1567 14.
590 1534 619 1567 Sui
632 1540 735 1578 potestatem
752 1546 787 1569 non
802 1535 854 1568 hahet

507 1592 621 1635 Christianus,
640 1592 671 1626 sed
688 1592 725 1628 Deo
743 1598 793 1628 vacat
812 1593 852 1628 242.

507 1649 597 1684 Christiani
614 1647 676 1696 quanta
693 1650 767 1686 debeant
785 1651 852 1685 Christo

507 1707 546 1742 134,
566 1708 600 1752 Ipsi
613 1708 694 1751 abjiciant
702 1709 764 1743 malurn
774 1709 852 1743 fermen-

505 1771 551 1809 tum,
569 1772 586 1800 et
603 1771 736 1800 transmutentur
751 1768 769 1800 in
783 1777 852 1810 novum,

507 1824 553 1869 quod
562 1829 588 1858 est
597 1824 673 1859 Christus
684 1824 727 1868 180;
741 1826 823 1860 saliantur
835 1827 853 1859 in

507 1880 580 1925 Christo,
594 1887 658 1916 utnon
671 1889 799 1929 corrumpantur
811 1886 852 1919 ibid.

506 1939 578 1974 hlaxime
591 1941 694 1984 curandum,
712 1948 731 1976 ut
746 1953 781 1977 non
797 1942 853 1976 solum

507 1998 583 2032 dicamur
592 1997 688 2042 Christiani,
701 2000 732 2033 sed
744 2006 761 2034 et
771 2001 852 2034 inventa-

505 2067 542 2089 mur
552 2057 590 2090 174.
600 2057 639 2090 200.
654 2057 750 2092 hhsurdum
759 2063 791 2100 151,
800 2056 851 2091 Chri-

505 2115 568 2148 stianos
581 2115 638 2149 Jesum
650 2115 733 2150 Christum
747 2116 821 2161 profari,
835 2120 852 2149 et

503 2172 592 2215 judaizare
606 2173 645 2207 180.
671 2171 703 2213 Qui
717 2175 818 2218 profitentur
832 2183 851 2207 se

506 2228 617 2273 Christianos,
624 2241 645 2264 ex
651 2232 678 2273 iis,
685 2242 728 2276 quae
734 2232 804 2274 faciunt,
812 2241 852 2264 cer·

505 2293 567 2321 nentur
578 2288 616 2323 164,
636 2287 725 2323 Christiani
735 2291 799 2333 omnia,
808 2300 852 2335 quae

506 2347 526 2379 ad
534 2348 641 2380 sanctitatem
650 2349 743 2390 pertinent,
751 2348 814 2381 faciant
823 2347 851 2380 92.

140 2406 168 2439 ΙΧ.
200 2404 279 2439 Christi
308 2404 414 2438 ascensio
444 2405 463 2437 in
483 2401 852 2440 ChristianismusnoninJudaismum

117 2464 204 2497 coelum
217 2463 245 2497 40.
258 2463 298 2497 200.

142 2521 161 2556 X.
176 2521 463 2564 christusjudexvtvornm

118 2591 141 2614 ac
154 2585 289 2613 mortuorum
303 2580 318 2613 9.
333 2581 360 2615 16.
373 2580 411 2614 134.
423 2579 463 2614 258.

140 2637 167 2672 Xl.
193 2637 295 2672 Christus
316 2650 325 2672 a
348 2638 463 2672 fidelibus

118 2696 253 2730 colitur290.

94 2753 219 2789 Christiani
228 2761 266 2789 suut
274 2755 357 2790 haeredes
365 2754 463 2789 testamenti
471 2794 473 2800 Α

506 2462 585 2505 credidit,
598 2463 628 2497 sed
636 2463 732 2498 Judaismus
741 2465 756 2498 in
768 2463 851 2499 Christia-

506 2521 577 2554 nismum
598 2520 637 2554 180.
670 2521 702 2563 Qui
726 2522 759 2556 alio
783 2517 852 2555 nomine

506 2583 574 2623 praeter
587 2578 708 2613 Christianismi
720 2585 802 2623 vocatur,
817 2590 852 2613 non

506 2642 532 2670 est
541 2636 574 2670 Dei
586 2639 627 2673 ibid.
652 2638 689 2672 llon
703 2638 765 2672 silentii
779 2643 851 2680 tantum,

506 2695 537 2729 sed
549 2696 669 2740 magnitudinis
682 2706 724 2740 opus
734 2701 760 2731 est
769 2695 851 2731 Christia-

505 2753 621 2789 1111115200.
