1765 2987
177 160 261 196 IGNATII
272 159 379 195 nrlsronh
391 160 422 195 An
434 161 546 198 EPHESIOS.
560 161 595 196 XX.
608 160 652 196 XXI.
753 160 793 204 171

244 327 288 368 ΧΧ.
319 326 396 368 iterum
411 326 471 368 ochis
486 328 583 370 scribom.

98 408 137 452 ¹Si
156 422 188 450 me
210 409 302 463 dignatus
319 409 378 450 fuerit
393 408 452 465 Jesus
468 409 558 452 Christus
577 414 660 465 propter
682 410 795 454 orationem

35 483 136 531 vestram,
158 484 178 520 et
192 479 287 521 voluntas
302 479 340 531 sit,
362 480 382 520 in
397 480 486 522 secundo
501 481 581 535 lihetio,
605 495 664 535 quem
682 483 794 536 scripturus

36 561 81 590 sum
97 550 163 602 vohis,
179 547 304 591 ²deciaraho
320 549 384 603 vohis,
400 564 458 604 quam
473 552 600 605 inceperam,
619 551 759 593 formationem
774 551 795 593 in

36 618 131 661 ³novum
146 619 246 660 hominem
262 619 331 661 Jesnm
348 620 458 673 Christum,
480 634 517 674 per
537 621 596 662 fidem
615 621 635 662 in
656 634 701 663 eum
723 626 743 663 et
758 634 794 675 per

20 692 99 745 vipsius
123 690 262 743 ditectionem,
284 704 320 744 per
344 692 459 745 passionem
485 696 505 731 et
527 691 699 733 resurrectionem
720 691 794 744 ipsius;

36 760 151 815 “nranime,
174 760 193 802 si
214 755 310 802 Dominus
332 761 379 802 mihi
398 760 533 813 revelaverit,
557 761 610 814 quod
629 773 667 803 vos
690 761 715 802 ad
734 774 795 802 unum

36 844 107 872 omnes
124 829 255 872 ⁵nominatim
270 844 307 885 per
323 831 407 885 gratiam
423 830 536 873 convenitis
550 831 570 872 in
582 844 622 873 una
636 818 675 872 nde
689 832 740 872 etin
754 844 794 873 uno

36 902 85 942 Jesu
101 901 180 943 Christo
196 894 229 931 -’
241 903 280 955 qui,
296 901 406 943 secundum
424 913 505 942 carnem
521 913 640 955 exgenere
656 901 726 952 David,
743 901 794 942 fitius

37 975 68 1012 est
83 971 169 1012 hominis
185 975 205 1012 et
220 971 272 1013 fitius
282 972 321 1012 Dei
336 994 363 1000 —-
379 971 515 1026 utohediatis
527 971 623 1025 episcopo
638 975 657 1012 et
667 971 794 1025 presbyterio

37 1046 106 1082 mente
121 1042 232 1095 indivulsa,
248 1042 365 1097 frangentes
380 1054 452 1096 panem
468 1054 540 1095 unum,
562 1042 596 1095 qui
612 1040 739 1094 pharmacum
754 1042 795 1082 im-

37 1112 161 1153 mortalitatis
178 1116 218 1166 est,
235 1112 356 1167 antidotum,
371 1125 398 1155 ne
412 1114 532 1166 moriamur,
554 1112 591 1154 sed
607 1112 696 1155 vivamus
713 1124 794 1166 semper

36 1182 58 1222 in
73 1181 123 1224 Jesu
138 1181 224 1225 Christo.

229 1310 280 1353 iffi.
301 1312 376 1354 ,Orare
389 1324 431 1364 pro
447 1324 478 1352 mc
494 1316 515 1352 et
527 1310 601 1353 valete.

95 1391 206 1434 ⁶Vicissim
221 1393 368 1436 recreationem
384 1394 474 1435 habeatis
494 1394 514 1434 in
535 1405 567 1434 me
583 1398 603 1434 et
618 1393 638 1435 in
655 1390 712 1447 ⁷eo,
734 1406 794 1448 quem

36 1464 60 1506 ad
76 1464 176 1505 honorem
186 1464 224 1505 Dei
239 1464 319 1505 misistis
330 1463 440 1519 Smyrnam,
456 1463 510 1506 unde
526 1468 545 1505 et
556 1464 623 1505 scribo
636 1464 701 1516 vohis,
718 1465 793 1519 gratias

36 1546 99 1590 agens
111 1534 212 1587 Domino,
234 1534 319 1589 diligens
340 1535 484 1589 Polycarpum,
506 1539 527 1575 ut
548 1538 568 1575 et
589 1546 633 1575 vos.
664 1534 793 1576 hiemineritr's

37 1605 87 1657 mei,
104 1606 155 1647 sicut
172 1610 191 1646 et
207 1604 270 1646 vestri
285 1603 344 1646 Jesus
361 1604 458 1646 Christus.
490 1605 551 1646 Orate
566 1615 603 1658 pro
623 1604 720 1655 ecclesia,
742 1618 794 1658 quae

37 1676 103 1716 estin
119 1674 183 1729 Syria,
200 1674 253 1716 unde
269 1676 347 1716 vinctus
358 1675 440 1716 Romam
456 1673 552 1726 chomor,
568 1674 691 1715 novissimus
706 1674 794 1715 fidetium

37 1757 117 1798 eorum,
139 1746 173 1799 qui
193 1745 220 1787 ibi
242 1749 299 1797 sunt,
323 1741 387 1786 8cum
409 1744 481 1799 dignus
504 1745 541 1786 sim
563 1744 641 1785 habitus
662 1744 748 1785 inveniri
769 1745 794 1786 ad

35 1815 135 1857 honorem
149 1816 193 1856 Dei.
225 1815 293 1857 Valete
308 1815 328 1857 in
344 1815 387 1857 Deo
404 1820 460 1869 patre
481 1820 502 1856 et
521 1815 542 1855 in
556 1814 606 1856 Jesu
622 1813 713 1867 Christo,
736 1826 793 1856 eom-

36 1886 91 1927 muni
106 1898 143 1940 spe
158 1889 233 1928 nostra.

35 2036 91 2070 locum
105 2038 187 2081 reprimit.
203 2036 299 2072 Bunsenius
311 2041 351 2082 post
361 2033 406 2069 α’πο-
425 2048 439 2071 ο.
453 2037 463 2070 2
477 2042 494 2070 et
506 2038 522 2071 6.
551 2038 590 2082 Epo
608 2037 794 2081 victoriarum-eam,

36 2093 99 2139 καλύψῃ
113 2095 162 2129 coion
175 2106 251 2140 ponens,
268 2106 330 2129 novam
343 2106 404 2140 qnam·
423 2098 502 2141 reficiam
514 2107 553 2130 ooo.

36 2153 74 2186 dnm
86 2154 212 2188 revelationem
226 2156 306 2190 dictatam
320 2164 330 2187 a
342 2152 405 2186 Nostro
448 2152 492 2198 7J1.
506 2163 521 2186 e.
535 2145 588 2192 chrm,
605 2148 702 2186 tirNonrn.
722 2144 795 2186 ὯννεΙ

37 2210 97 2245 dolose
109 2216 215 2255 expectatam
228 2210 281 2245 fnisse
293 2210 370 2255 putabat.
395 2257 397 2260 7
424 2208 450 2249 οὓς
463 2211 538 2254 conjecit
550 2209 606 2244 corel.

60 2268 104 2312 5J1.
119 2280 135 2302 e.
149 2281 209 2305 omnies
222 2272 296 2316 sinpnti,
309 2275 328 2303 nt
340 2269 361 2302 ad
369 2268 405 2302 Po·
448 2269 467 2312 8)
481 2268 516 2303 hut
534 2280 572 2302 cum
588 2266 713 2312 Interpoiatore
731 2278 795 2312 graeco

35 2328 70 2371 lyc.
84 2339 98 2361 e¹
111 2328 127 2361 4.
140 2327 191 2361 etad
204 2328 269 2371 Smyrn.
283 2339 298 2361 c.
313 2328 340 2362 13.
424 2327 516 2372 legendum
529 2332 555 2360 est
567 2324 616 2371 ὅσπερ
626 2341 650 2357 =
661 2329 697 2371 poi,
711 2332 738 2360 aur
751 2337 795 2360 con-

59 2386 78 2431 6)
92 2383 126 2418 Ch.
140 2385 161 2419 ad
171 2386 238 2430 Smyrn.
252 2397 266 2420 et
277 2386 304 2420 10.
317 2386 338 2421 ad
347 2385 405 2430 Polyc.
423 2386 485 2432 jungas
498 2383 551 2430 ὥσπερ
564 2396 602 2420 cum
615 2383 705 2428 δεδεμένος.
