1765 2987
61 138 97 175 ΑΒ,
105 136 250 183 prosuerunt]
352 136 524 173 Puonuuonuun.
741 139 820 174 LXXlllX

60 246 133 288 aeriter
152 245 191 286 illis
212 245 297 286 infestos
319 244 414 285 uidemus.
444 245 563 287 Praesertim
580 245 667 287 Corinthi
687 246 778 287 haeresis
801 251 820 287 et

60 315 170 356 doctrinam
194 321 214 357 et
236 316 342 355 ecelesiam
363 315 489 356 ata-isuanam
511 318 530 357 in
552 318 662 370 perieulum
684 317 775 369 vocavit,
798 322 819 357 et

60 386 125 426 euneti
140 386 223 438 fideles,
241 386 325 425 maxime
342 386 430 438 episcopi
446 392 465 426 et
481 387 581 427 ecelesiae
597 387 703 438 doctores,
719 391 741 427 ut
756 387 819 441 lgna-

59 454 97 495 tius
110 455 254 507 Antioelrenus‚
270 456 390 508 Polycarpus
407 461 426 496 et
442 461 510 498 auctor
523 457 620 509 epistolae
633 463 702 498 saneto
714 458 818 499 Barnabae

59 524 178 577 adscriptae,
196 524 268 565 bellum
285 529 354 565 contra
370 524 469 567 ludaistas
485 527 544 567 valde
560 527 597 566 sibi
612 526 704 581 religioni
721 528 817 569 habuere.

58 594 153 635 Nonnulli
173 595 192 634 in
213 594 353 648 impugnandis
369 594 450 636 ludaeis
471 596 526 649 ipsos
546 596 619 636 liuriles
639 597 727 649 justitiae
749 602 817 638 trans-

58 665 124 717 gressi
140 669 160 704 et
174 676 215 704 non
232 665 296 705 solum
313 678 396 705 errores
411 666 540 717 ludaeorum,
557 665 593 706 sed
609 667 667 706 etiarn
684 667 817 708 institutiones

58 734 130 774 aDeo
147 733 266 785 adornatas,
285 735 469 786 circumcisionem,
485 736 578 787 sannam,
595 736 692 786 sacrificia
703 740 746 776 ete,
763 738 817 777 vitu-

57 816 129 857 perare
146 809 166 844 et
181 805 329 858 superstitionis
344 817 441 845 accusare
457 807 499 845 ausi
515 811 562 846 sunt
580 804 610 859 [e.
627 819 647 859 g.-
664 806 753 859 epistola.
765 805 820 846 Bar:

56 872 139 927 nanae).
170 874 264 916 Secundo
281 879 345 914 autem
361 874 414 915 bello
429 874 513 916 Judaieo
534 880 616 928 peraeto
637 876 710 916 nullum
732 877 821 928 amplius·

56 943 190 984 Judaistarum
211 944 322 998 perieulum
340 944 413 996 adfuit,
434 944 521 998 ideoque
537 945 651 985 uehementi
666 945 703 985 ista
719 945 816 986 Judaisrni

55 1014 205 1068 impugnatione
228 1013 332 1054 desinente
353 1015 417 1066 prisea
439 1014 472 1054 illa
497 1018 516 1054 et
538 1014 648 1068 apostoliea
671 1015 747 1055 veteris
769 1015 816 1055 loe-

56 1083 109 1124 deris
125 1085 236 1125 aestimatio
256 1085 308 1138 apud
329 1085 453 1125 orthodoxos
469 1085 537 1125 Patres
558 1084 629 1136 rediit,
651 1084 746 1137 imprimis
762 1084 814 1138 apud

38 1154 74 1197 ·S.
85 1146 189 1195 lustinum.
210 1154 271 1194 Immo
288 1154 357 1195 iisdem
374 1156 503 1208 temporibus,
517 1156 558 1209 jam
575 1158 620 1194 anie
633 1158 652 1193 et
664 1155 716 1195 eirea
727 1154 814 1195 medium

54 1224 144 1265 seculum
160 1223 275 1275 seeundum,
293 1223 400 1265 orthodoxi
415 1225 484 1265 Patres
498 1224 631 1264 institutiones
641 1224 731 1277 judaiuns
743 1230 813 1266 eontra

54 1292 171 1344 Gnostieos‚
188 1292 473 1345 Carpocratem„sszisitinem‚
491 1293 585 1346 Ophias,
604 1292 727 1344 potissimum
744 1298 813 1335 eontra

52 1364 180 1404 lllareionitas
202 1362 312 1403 defendere
333 1367 353 1403 et
373 1363 542 1403 divinam-earum
559 1362 658 1414 originem
674 1361 813 1402 demonstrare

52 1433 111 1475 valde
133 1433 269 1474 necessarium
289 1437 389 1486 putarunt.
419 1432 451 1473 Ex
473 1432 529 1474 dietis
549 1436 643 1486 apparet,
665 1431 768 1485 epistolam
788 1431 813 1473 ad

52 1501 181 1556 Diognetum,
198 1515 256 1555 quum
273 1515 312 1542 non
328 1504 393 1544 solum
409 1504 571 1554 superstitiones
586 1501 690 1553 luduicus,
707 1502 742 1542 sed
758 1502 812 1554 ipsas

53 1574 139 1613 diuinos
160 1573 235 1613 veteris
256 1571 345 1613 foederis
365 1574 499 1615 institutiones
517 1574 620 1627 impugnet
634 1569 664 1625 ¹),
686 1583 726 1612 non
742 1575 812 1621 saneto

52 1643 130 1684 Justino
149 1642 312 1693 adscribendam,
333 1644 369 1684 sed
390 1645 452 1697 priori
472 1644 499 1684 illi
521 1643 604 1696 tempori
625 1643 678 1683 inter
692 1642 777 1695 primum
793 1646 813 1682 et

52 1712 162 1753 seeundum
178 1711 252 1751 bellum
265 1711 367 1765 Judaieum
383 1713 524 1767 assignandam
541 1724 593 1752 esse.

53 1770 56 1772 ’
109 1782 222 1833 Praeterea,
238 1786 259 1821 ut
272 1782 294 1821 V.
310 1780 330 1821 C.
346 1781 438 1823 Serniselr
455 1780 480 1836 [l.
492 1795 509 1822 e.
519 1795 538 1835 p.
551 1778 605 1836 ll9)
622 1785 696 1832 munet,
713 1780 811 1833 epistolae
836 1795 840 1798 ¹

51 1858 132 1894 nostrae
148 1856 218 1892 auctor
234 1851 291 1891 aliter
302 1863 325 1891 ae
336 1851 425 1892 lustinus
437 1852 462 1893 de
474 1851 585 1892 idololatria
597 1851 689 1903 disputat.
719 1850 810 1891 lustinus

52 1924 104 1964 enim
114 1933 238 1977 paganorum
248 1920 297 1961 deos
309 1922 389 1974 spiritus
397 1926 452 1976 putat
459 1922 541 1962 realiter
552 1921 661 1960 existentes
673 1917 809 1974 (doemones)

50 2007 75 2035 ae
96 1994 116 2035 in
139 1993 209 2034 statuis
233 1993 393 2047 imaginibusque
416 1994 458 2034 suis
479 2003 621 2044 nonuunquam
644 1990 767 2042 liabitanteS,
789 1994 810 2031 ul

50 2064 151 2105 hominum
167 2063 268 2116 excipiant
283 2062 393 2117 oblata²);
414 2063 489 2104 Noster
509 2074 571 2114 vero,
594 2062 643 2102 tales
666 2062 747 2115 spiritus
769 2074 810 2102 non

51 2147 177 2190 agnoscens,
198 2134 227 2174 nil
247 2134 284 2175 nisi
305 2134 369 2187 ligna,
389 2134 466 2187 lapides
488 2137 508 2174 et
525 2132 603 2173 metalla
619 2144 629 2172 a
645 2130 753 2185 gentilibus
770 2131 810 2172 coli

51 2205 153 2248 contendit
164 2203 191 2261 ὅ).

74 2357 92 2400 1)
107 2355 140 2391 cn.
150 2367 194 2402 qnae
203 2356 299 2390 monuimus
309 2357 326 2389 in
335 2356 421 2401 Tiibiuger
438 2367 455 2400 p.
469 2356 491 2389 50
505 2357 528 2400 [p.
542 2355 564 2388 59
577 2353 606 2397 D).
628 2353 677 2399 Apol.
690 2354 715 2401 ti,
729 2356 745 2389 5.
759 2368 775 2401 p.
785 2357 808 2390 92

50 2414 177 2457 Quartalschriit
191 2415 241 2448 1846.
258 2414 274 2458 p'.
288 2415 322 2448 465
341 2419 358 2446 et
375 2425 419 2458 quae
438 2414 463 2459 [p.
477 2415 499 2448 44
512 2413 539 2458 B).

50 2480 109 2508 eontra
130 2484 162 2507 uos
187 2474 418 2521 disputavit'Hoffmuunus
461 2473 479 2515 3)
495 2473 528 2517 Ep.
545 2472 566 2507 ad
583 2472 645 2517 Diogu.
664 2484 678 2506 e.
692 2473 707 2506 2.
733 2471 806 2508 Uberius

48 2534 60 2567 l.
74 2544 88 2566 e.
102 2543 118 2576 p.
133 2532 148 2565 5.
173 2553 175 2555 ·
437 2532 458 2565 de
478 2532 511 2565 hoo
531 2537 630 2576 argumento
648 2531 778 2575 disputavimus-
790 2533 806 2566 in

273 2614 275 2617 -
437 2590 508 2636 Tiibing.
522 2588 652 2631 Quartalselrrilt
668 2588 718 2622 1646.
736 2600 752 2634 p.
765 2590 804 2623 464.

72 2649 91 2691 2)
104 2646 164 2681 Justini
177 2648 226 2693 Apol.
241 2648 252 2691 l,
264 2646 280 2682 5.
293 2658 310 2691 p.
323 2647 345 2680 46
359 2649 383 2692 (p.
395 2648 417 2681 55
436 2649 469 2683 Clr.
479 2649 586 2691 objectiones
599 2648 702 2693 Hoffmanni
713 2647 723 2681 l.
734 2659 748 2681 e.
761 2659 778 2692 p,
788 2649 804 2683 4,

48 2706 112 2750 Β.Ε.),
131 2706 144 2750 l,
158 2705 173 2741 9.
187 2717 203 2750 p.
213 2707 235 2740 ts
249 2711 273 2751 [p.
284 2706 306 2739 57
315 2705 343 2752 C).
361 2706 416 2749 l,12.
436 2712 453 2741 et
466 2709 535 2743 Orionis·
547 2706 558 2740 l.
573 2717 587 2739 o.
600 2717 617 2750 p,
631 2705 652 2738 17
665 2715 702 2751 sqq.

627 2765 664 2806 F'm'
