1765 2987
117 152 193 198 [EPIST.
207 150 224 185 S.
239 150 313 194 crunt]
411 148 582 186 Puotuoouunn.
831 151 877 187 XVII

153 280 179 335 ll.
206 280 243 334 llll
261 278 373 334 DUABUS
392 278 531 333 EPlSTllLlS
551 281 709 336 obtutubus
728 280 841 336 Roriam.

174 399 188 439 l.
215 398 337 438 Clementem
353 396 462 437 Romanum
479 397 563 438 eundem
585 411 631 441 esse
652 412 697 441 eum
717 413 755 456 eol,
778 412 838 453 quem
855 398 876 440 S.

115 469 187 509 Paulus
203 468 222 507 in
234 467 269 519 Ep.
286 466 310 506 ad
321 467 402 520 Philipp.
415 465 434 518 1,
446 464 458 507 3
470 466 560 507 laudibus
572 468 630 509 enen
642 467 667 522 1),
683 471 723 523 jam
736 470 837 523 Origenes
847 466 876 523 ²),

115 538 214 578 Eusebius
224 535 252 591 3),
268 536 389 590 Epiphanius
399 534 427 591 ⁴),
443 536 577 590 Hieronymus
588 537 608 591 5)
625 539 692 579 etalii
709 545 799 580 ueterum
817 538 876 579 allii·-

116 612 194 648 marunt
204 604 232 660 6).
264 606 340 654 Quodsi
356 618 389 646 res
406 607 431 646 ita
447 606 556 658 sehabet,
573 606 631 647 facile
647 613 736 661 apparet,
752 609 876 649 Clementem

116 677 135 719 S.
157 677 223 727 Pauli,
246 676 340 729 Philippis
364 676 383 715 in
407 676 524 716 blacerlonia
549 677 640 718 seeundo
666 678 738 718 itinere
765 677 876 730 apostolico

115 746 140 788 Α.
157 745 243 787 53-55
260 744 309 800 (eh.
325 745 369 786 Aet.
387 744 434 800 16.)
449 745 581 799 Evangelium
597 747 744 799 praedicantis.
761 747 837 786 socium
854 757 877 785 ae

116 817 254 872 coadjutorem
271 817 345 869 optime
361 818 452 855 meritum
468 815 537 855 luisse.

175 887 332 941 chrysostomus
347 886 366 926 in
379 885 526 939 Commentario
538 885 562 926 ad
573 886 581 926 l
592 886 676 944 Timoth.
692 887 812 940 suspicatur,
828 884 877 925 Cle-

116 963 214 1009 mentem,
236 957 311 1010 pariter
332 968 356 996 ao
370 955 444 996 Lucam
466 960 486 996 et
501 956 637 1009 Timotheum,
659 962 778 1012 perpetuum
800 956 877 996 itineris

116 1030 209 1069 comitem
224 1028 270 1068 Divi
285 1026 340 1067 Panli
356 1026 425 1067 fnisse.

174 1097 221 1138 milii
232 1102 297 1137 autern
307 1096 399 1137 Clemens
411 1097 463 1137 einis
474 1096 534 1138 urbis
542 1097 707 1150 Philippensium
717 1095 781 1137 fnisse
790 1096 876 1148 videtur,

116 1166 150 1219 qui
172 1180 183 1207 a
203 1167 275 1218 Panlo,
297 1166 391 1219 Philippis
415 1171 516 1217 morante,
540 1178 663 1217 conversus,
687 1167 732 1219 ipse
753 1178 876 1219 praeconem

115 1235 220 1290 Evangelii
230 1237 250 1276 in
262 1248 324 1289 opere
336 1235 446 1288 apostolico
458 1238 532 1289 optime
543 1236 624 1289 adiurit,
638 1236 699 1277 Paulo
709 1240 774 1277 autem
784 1236 877 1287 abeunte,

117 1306 171 1347 dorni
186 1306 288 1357 remansit,
303 1306 355 1345 inter
371 1316 419 1346 suos
435 1305 509 1346 Christi
525 1317 605 1345 cansam
620 1317 691 1359 agens.

174 1375 265 1416 Pluribus
282 1377 398 1430 conparare
415 1379 484 1415 nostra
499 1375 580 1428 probari
596 1378 668 1428 potest.

150 1442 174 1500 a]
192 1445 256 1492 Ouum
272 1446 344 1486 Paulus
360 1444 462 1498 Philippos
483 1448 614 1498 properaret,
638 1445 738 1485 neminem
757 1444 795 1484 nisi
811 1444 878 1496 Silam,

190 1515 315 1556 Timotheum
327 1518 346 1555 et
354 1514 427 1554 Lucam
440 1514 531 1555 comitem
540 1514 635 1555 habuisse
643 1514 729 1555 virletur.
742 1514 781 1554 Clr.
790 1515 833 1554 Aet.
844 1512 876 1555 16.

149 1581 174 1638 1))
190 1585 263 1630 Nullihi
289 1596 346 1625 saera
370 1584 472 1637 Scriptura
496 1578 603 1625 Clementis
629 1585 731 1635 meminit,
757 1584 877 1638 Apostolum

190 1654 270 1695 Paulum
286 1654 306 1694 in
322 1654 426 1694 itineribus
443 1654 561 1695 comitantis.

150 1721 174 1777 c]
190 1723 221 1763 Ex
241 1723 323 1776 Philipp.
340 1720 393 1774 hs
417 1722 472 1762 clare
495 1727 587 1776 apparet,
612 1728 703 1776 tempore
724 1724 802 1776 primae
823 1723 878 1764 Pauli

191 1792 309 1844 captivitatis
325 1792 425 1833 Romanae
441 1792 564 1832 Clementem
580 1793 674 1846 Philippis
691 1794 779 1846 degisse.

150 1861 175 1917 (1)
191 1861 273 1916 Philipp.
290 1860 310 1912 4,
327 1860 339 1902 3
357 1861 464 1902 Clementis
480 1874 522 1902 non
538 1862 595 1902 aliter
611 1861 632 1902 lit
647 1864 733 1913 mentio,
755 1874 778 1901 ao
800 1874 877 1914 eornm,

191 1933 225 1984 qni
240 1932 297 1972 cives
312 1932 450 1985 Philippenses
467 1933 544 1985 absque
561 1931 621 1973 dnbio
636 1931 723 1973 luerunt.

177 2001 274 2053 Quando,
290 2002 323 2042 nbi
335 2006 354 2042 et
365 2013 451 2055 quonam
462 2014 540 2056 genere
552 2006 607 2042 ortus
619 2001 679 2042 luerit
691 2001 782 2043 Clemens
801 2006 878 2054 noster,

143 2128 161 2172 1)
174 2126 210 2160 Nat
223 2125 313 2171 igorabant
326 2127 348 2168 ai,
361 2125 417 2171 σύζυγε
430 2125 490 2171 γνήσιε·
509 2126 569 2161 Lehrb.
583 2127 599 2161 d.
611 2126 765 2172 llirehengeseh.l‚
776 2127 816 2170 121,
831 2130 880 2163 Gne-

117 2183 231 2228 oullnpp’a'ron
255 2182 320 2227 αὐταῖς,
344 2184 402 2242 n'r'rrrep
426 2184 443 2217 ἔν
467 2188 491 2230 τῷ
506 2187 558 2228 pilea,
576 2184 642 2219 Haudh.
656 2186 671 2220 d.
684 2185 724 2220 KG.
737 2186 753 2228 l,
768 2186 801 2219 167
815 2192 832 2219 et
841 2185 880 2228 alil,

117 2242 203 2289 εὐαγγελίῳ
311 2243 314 2251 ’
376 2269 380 2285 ,
409 2258 413 2275 ι
433 2242 443 2275 il
464 2245 491 2276 καὶ
510 2244 530 2277 ad
551 2255 621 2289 quorum
642 2244 737 2289 augendam
757 2244 880 2278 dubitationem

117 2302 212 2346 Κὶιῇμεντος
223 2315 249 2334 aaa
258 2315 286 2334 τωι
303 2315 354 2335 ‚einez
366 2304 490 2347 narreppatnpon
510 2313 588 2347 magnum
602 2305 718 2339 Jeeelsnnas
734 2302 818 2336 accedere
832 2307 880 2346 putat

118 2354 140 2394 ὧν
152 2359 173 2393 aci
186 2358 260 2404 ὀνόματα
272 2359 289 2393 ἓν
301 2362 354 2405 βίβλῳ
367 2362 409 2404 ζωῆς,
509 2362 576 2406 pondus
584 2372 605 2395 ex
612 2371 640 2404 eo,
648 2362 693 2406 quod
701 2361 787 2404 lrenaeus.
798 2361 826 2405 qni
834 2360 880 2393 omni

141 2420 161 2465 2]
174 2419 192 2453 ln
204 2420 266 2454 loann.
281 2421 301 2463 1,
314 2419 342 2464 29.
374 2419 417 2465 Opp.
430 2419 449 2454 T.
462 2418 489 2454 IV.
510 2419 561 2453 lande
580 2418 687 2453 Clementem
705 2425 780 2453 nostrum
799 2419 879 2462 cumulat,

118 2490 135 2523 p.
150 2478 183 2512 153
197 2478 224 2513 ed.
238 2479 292 2512 Ruae.
510 2479 532 2512 de
544 2477 574 2512 tali
588 2489 608 2512 ao
620 2484 666 2512 tanto
684 2478 781 2512 testimonio
798 2476 879 2523 (Philipp.

142 2536 161 2580 3)
174 2537 194 2571 H.
208 2537 228 2570 Ε.
242 2537 271 2579 111,
285 2537 312 2570 15.
510 2539 527 2580 l,
541 2536 559 2583 3)
572 2549 595 2571 ne
607 2536 679 2572 verbum
693 2535 762 2581 quidem
775 2536 844 2569 haheat.

141 2595 160 2637 4)
173 2594 245 2630 Haeres.
258 2596 286 2629 27.
298 2606 316 2629 n.
329 2594 346 2629 6,
532 2596 551 2638 6)
559 2595 764 2638 Contradicuntltitsahl,
772 2594 881 2639 Entstehung

142 2651 161 2695 5)
174 2652 226 2687 Liber
244 2652 266 2687 de
285 2654 325 2687 viris
345 2652 405 2687 illustr.
426 2664 440 2688 e.
461 2654 489 2687 15.
510 2654 540 2687 [ter
558 2652 644 2687 althatbol.
659 2652 727 2685 llirche.
748 2651 798 2687 1850.
815 2664 833 2697 p.
845 2652 880 2688 284

119 2708 222 2755 Opinionem
234 2710 278 2745 hano
290 2711 390 2758 impugnant
403 2713 489 2755 Giaselen
510 2717 527 2745 et
539 2712 645 2758 Hilpensatd,
659 2709 699 2767 hc.
712 2720 727 2754 p.
743 2709 770 2742 95.
