1765 2987
115 155 118 163 β
140 182 157 218 S.
171 180 412 217 POLYCARPlEPlSTOLA
425 183 454 217 Ab
469 183 629 219 ΡΗΙΕΙΡΡΕΝΞΕΒΔ
643 183 663 218 V.
677 183 705 218 VI.
761 186 804 228 263

46 290 139 333 mandato
149 302 179 331 ac
194 290 297 331 voluntate
313 291 356 344 cJ'us
373 291 479 334 ambulare.
510 291 603 335 Similiter
619 292 698 334 diaconi
714 292 733 333 in
750 304 802 333 con-

46 365 116 416 spectu
133 361 223 414 justitiae
244 361 288 414 ejus
308 361 401 415 inculpati
422 374 469 403 esse
490 362 574 413 debent,
597 363 649 404 sicut
668 362 752 403 ministri
768 362 806 403 Dei

50 429 84 471 ¹et
95 429 173 483 Christi,
189 442 231 471 nou
241 429 355 481 homiuum,
370 444 396 472 ne
411 432 564 474 calumniatores
576 433 621 484 sint,
637 445 663 473 ne
680 431 804 487 ¹bilingues,

45 513 84 542 nec
100 501 165 552 avari,
188 500 225 541 sed
246 501 372 542 continentes
393 503 412 542 in
433 504 536 554 omuibus,
558 503 711 555 misericordes,
733 502 804 556 seduli,

45 570 163 612 incedentes
176 572 234 625 juxta
251 572 354 612 veritatem
365 572 451 625 Domini,
467 574 500 626 qui
517 572 603 614 onmium
619 570 726 613 ³minister
740 573 803 613 lactus

46 646 88 690 est3
112 641 144 681 cui
160 642 177 682 si
192 643 212 682 in
228 642 267 682 boc
283 642 351 683 seculo
368 642 513 696 placuerimus,
535 642 656 695 recipiemus
675 648 695 683 et
710 642 803 695 futurum,

46 710 211 764 quemadmodum
234 712 333 765 pollicitus
357 717 388 753 est
412 713 481 763 uobiS,
507 712 560 764 quod
583 711 712 751 resuscitabit
734 724 771 752 nos
793 724 804 752 e

45 781 135 832 mortuis,
147 782 248 834 quodque,
261 782 278 822 si
289 779 366 836 ¹digue
379 782 423 835 ipso
434 784 531 834 vivamuS,
545 779 623 821 ⁵cttom
635 773 804 833 cumco'repuo-

45 850 119 900 birreos,
135 851 233 903 siquidem
249 851 354 892 credimus.
384 852 446 894 Simili
462 853 522 894 inodo
539 857 558 893 et
571 854 659 906 juvenes
675 852 695 892 in
712 851 803 892 omuibus

44 921 175 974 inculpabiles
191 923 237 974 sint,
254 928 299 962 aute
316 924 381 963 omnia
397 923 476 964 solliciti
492 923 516 963 de
532 924 629 974 castitate,
646 935 669 962 ao
680 933 703 962 se
714 922 738 961 ab
750 921 804 961 ornui

44 991 96 1033 malo
112 991 246 1033 refrenantes.
277 992 354 1033 Bonum
375 994 426 1034 enim
447 998 489 1045 est,
512 990 620 1033 ⁶absciudi
636 1006 647 1033 a
664 991 804 1046 cupiditatibus

47 1059 120 1117 ¹bujus
133 1063 206 1115 mundi,
223 1064 268 1116 quia
284 1065 347 1104 omnis
363 1061 488 1115 ⁸cupiditos
498 1063 576 1103 mittum
586 1064 690 1103 aduersos
700 1055 803 1114 spiritum,

45 1136 64 1173 et
80 1129 161 1185 ⁹ncquc
175 1132 301 1184 fornicarii,
322 1146 389 1186 acque
404 1135 489 1184 molles,
512 1145 578 1186 acque
593 1132 735 1173 areascolorom
751 1144 803 1172 coo-

46 1202 148 1243 eabitores
164 1215 250 1254 reponio
265 1203 306 1242 Dei
320 1204 471 1255 possidebant,
494 1215 561 1256 neque
582 1203 615 1255 qui
631 1202 706 1243 absona
722 1201 802 1243 farciunt.

45 1272 112 1320 Quare
128 1277 207 1326 oportet
223 1272 246 1312 ab
263 1272 293 1313 his
310 1274 402 1315 omuibus
418 1274 530 1324 abstinere,
548 1269 564 1296 ¹⁰
573 1273 645 1326 subjici
660 1277 725 1312 autem
741 1284 803 1325 pres-

44 1343 121 1397 byteris
143 1347 163 1383 et
183 1341 284 1395 diaconis,
307 1348 400 1396 tauquam
420 1343 464 1383 Deo
488 1347 507 1382 et
529 1342 619 1392 Christo3
643 1342 732 1396 virgines
753 1354 803 1383 vero

45 1416 125 1467 oportet
141 1413 160 1453 in
176 1413 301 1454 immaculata
317 1417 337 1454 et
352 1418 406 1454 casta
422 1413 545 1455 couscientia
561 1412 643 1466 degere.

131 1540 163 1581 Vl.
195 1538 272 1594 Officio
286 1541 457 1595 presbyterorum
472 1545 492 1581 ct
507 1540 579 1594 officio
595 1538 718 1581 communio.

103 1621 128 1662 Et
144 1622 256 1676 presbyteri
271 1623 311 1662 sint
326 1623 350 1663 ad
366 1624 561 1663 commiserationem
578 1622 644 1675 proni,
662 1619 804 1661 misericordes

44 1702 92 1744 erga
109 1696 205 1743 cunctos,
222 1692 334 1732 aberrantia
351 1692 484 1743 reducentes,
500 1692 605 1732 visitantes
621 1690 710 1730 infirmos
726 1700 804 1739 omnes,

42 1772 83 1801 nou
107 1762 235 1816 negligentes
259 1761 351 1813 viduam,
376 1767 409 1802 aut
431 1762 539 1814 pupillum,
563 1766 597 1801 ont
619 1772 739 1813 pauperem5
766 1758 804 1799 sed

44 1829 58 1853 ¹¹
67 1831 156 1871 solliciti
166 1843 248 1882 senaper
259 1831 285 1870 de
299 1830 354 1872 borco
368 1845 441 1872 coram
451 1831 496 1871 Deo
508 1830 664 1880 ct-bomt‘oibos,
681 1829 804 1869 abstinentes

42 1900 66 1941 ab
83 1902 137 1941 omui
152 1901 188 1953 iro,
205 1902 322 1955 acceptione
337 1913 480 1955 personarum,
494 1900 569 1955 judicio
586 1901 672 1955 injusto;
688 1898 751 1952 longe
766 1910 803 1938 re-

43 1969 139 2011 cedentes
155 1971 179 2011 ab
196 1970 249 2011 omni
265 1971 359 2022 ararium
376 1983 417 2012 non
429 1973 468 2012 cito
480 1971 587 2012 credentes
598 1970 695 2011 adversus
707 1968 792 2021 aliquem
798 1981 804 2018 5
870 2004 873 2007 ,

43 2052 83 2080 nou
103 2040 171 2081 severi
189 2040 270 2081 nimium
291 2041 311 2080 in
328 2041 418 2094 judicio,
441 2040 540 2090 scientes,
560 2052 598 2082 nos
615 2049 684 2080 omues
702 2037 804 2078 debitores

42 2122 88 2150 esse
104 2110 187 2163 peccati.
217 2108 260 2152 ¹²Si
272 2122 322 2164 ergo
335 2110 467 2164 deprecamur
477 2110 590 2160 Dominum,
607 2113 628 2149 ut
641 2107 699 2149 nobis
715 2106 804 2158 dimittat,

43 2179 139 2221 debemus
161 2184 181 2220 et
202 2191 240 2221 nos
262 2179 372 2231 dimittere3
392 2192 437 2220 narn
461 2192 529 2221 coram
544 2179 624 2220 Domini
647 2184 667 2218 et
682 2178 720 2218 Dei
741 2177 804 2217 oculis

42 2262 117 2304 sumus,
133 2255 153 2291 et
166 2248 182 2275 ¹³
191 2263 261 2292 omues
272 2257 320 2292 oute
334 2251 428 2291 n-tboaot
440 2249 520 2291 01111811
531 2255 596 2301 storo,
612 2253 631 2288 et
640 2259 804 2300 aauomqrtemqoe

42 2341 119 2385 ledoopen
132 2354 169 2377 eum
183 2344 241 2386 codd„
254 2353 287 2376 non
296 2341 416 2387 fioozledmopsa
458 2343 477 2385 9]
490 2341 497 2375 l
510 2340 548 2374 Cor.
562 2341 578 2383 6,
594 2340 609 2374 9.
625 2340 652 2373 ll).

44 2411 82 2433 cum
94 2400 142 2434 libris
155 2402 248 2445 impressis.
268 2403 364 2434 Jucooson.
446 2400 476 2443 to)
490 2399 594 2443 Polycarpus
615 2399 691 2442 episcopi
710 2407 744 2430 nou
765 2395 807 2429 lacit

67 2458 86 2501 6)
98 2458 123 2492 lla
136 2459 242 2493 Jacobsonns
259 2459 347 2492 extribus
365 2459 415 2494 codd.
434 2459 549 2500 mentionem,
569 2458 632 2503 quippe
647 2457 685 2500 qui,
702 2454 806 2488 verecundia

43 2522 60 2550 et
78 2523 114 2552 vet.
133 2517 235 2562 Interprete.
264 2517 308 2552 llale
328 2517 355 2550 ulii
374 2513 416 2550 dom
434 2516 531 2560 impeditus,
540 2526 579 2549 eum
587 2515 641 2549 nollet
650 2513 740 2547 cohortari.
762 2510 806 2545 Vide

43 2573 134 2607 κύπτεσθαι
146 2587 169 2606 =
181 2587 275 2621 cancrpcro.
434 2577 496 2614 Rutila,
509 2576 549 2618 Ans.
563 2574 579 2616 p'.
592 2573 626 2605 loe
639 2583 664 2615 sq.

66 2633 86 2678 7)
100 2633 284 2668 Addtditlacobsonus
297 2635 330 2665 τῶν
343 2644 365 2667 ex
378 2634 416 2669 cod.
447 2632 476 2673 11)
489 2631 538 2664 Rom.
553 2631 581 2673 12,
596 2630 623 2662 17.
639 2629 654 2662 ll
667 2629 705 2663 Cori
718 2628 735 2672 8,
748 2628 776 2663 21.

43 2690 96 2727 Vatic.
448 2690 477 2734 12)
491 2689 548 2723 blatlh.
562 2689 578 2731 6,
592 2689 619 2722 12.
633 2688 661 2724 11,

67 2749 85 2782 8]
99 2749 163 2784 IPetr,
176 2750 194 2792 2,
209 2749 236 2783 11.
448 2749 478 2792 13]
491 2748 540 2781 Rom.
554 2748 582 2791 ld,
597 2747 623 2782 ll),
638 2747 665 2781 12.
