1765 2987
195 184 296 223 ‚Henetus
309 184 399 221 PASTOR.
412 215 415 219 ,
424 187 490 222 LIBER
502 189 515 223 Ι.
540 188 597 224 VISIO
610 189 637 224 111.
758 191 798 234 341

42 310 53 339 a
68 293 126 337 vobis
142 293 295 335 sollicitudinem
310 294 330 334 in
341 294 432 348 Domino,
449 302 469 337 et
485 297 581 339 contusus
596 304 626 340 est
638 310 710 341 sensus
725 304 800 351 vester,

41 373 61 408 et
71 366 198 406 inveterastis
209 366 229 404 in
240 364 323 405 tristitiis
335 366 428 407 vestrisss
456 368 536 419 „Quare
548 381 598 423 ergo
609 382 671 423 super
684 369 800 410 cathedram

41 436 129 488 sedebat,
144 434 236 476 volebam
253 446 391 488 cognoscere,
408 436 516 478 domine?“
548 438 670 493 Respondit:
691 440 799 493 „quoniam

41 508 103 549 omnis
120 505 209 546 infirmus
225 517 287 559 super
303 506 416 547 cathedram
429 507 486 549 sedet
497 514 579 563 propter
590 511 722 551 infirmitatem
734 523 797 563 suam,

39 582 60 620 ut
69 577 195 618 contineatur
202 574 304 616 infirmitas
315 578 364 630 ejus.
385 577 438 618 Ecce
448 578 509 619 babes
518 579 602 634 figuram
610 582 685 633 primae
694 580 797 622 visionis.“

97 646 138 687 XII.
164 645 270 699 ,Secunde
286 651 350 688 autem
367 643 445 690 visione
460 649 527 690 vidisti
537 650 595 690 -illam
612 655 708 702 stantem,
728 656 747 691 et
761 652 798 705 ju-

39 717 124 759 venilem
140 716 213 757 faciem
228 717 340 770 habentem,
357 722 376 758 et
386 719 501 759 hilariorem
515 732 573 772 quarn
584 721 699 773 pristinam;
716 732 799 761 earnem

38 793 103 830 autem
115 791 135 829 et
145 788 228 841 capillos
239 788 308 829 aniles.
334 787 393 840 Audi,
409 790 478 842 iuquit,
494 794 513 830 et
523 790 575 830 hanc
585 790 706 843 parabolam
733 790 799 838 Quum

39 858 108 900 senior
122 859 162 912 J'am
179 857 239 898 fuerit
255 858 337 911 aliquis,
359 859 453 912 desperat
473 860 536 900 dese
552 860 596 913 ipso
615 863 698 913 propter
713 859 799 900 infirmi-

38 934 98 970 tatem
114 941 169 969 suam
186 932 205 969 et
220 933 367 983 paupertatem,
390 934 409 970 et
425 930 474 971 nihil
489 930 542 970 aliud
559 934 672 984 exspectat,
692 930 729 970 nisi
746 930 798 971 diem

39 1004 152 1040 extremum
166 1000 219 1039 vitae
235 1012 289 1040 suae.
320 999 397 1040 Deinde
418 1001 483 1042 subito
503 1002 531 1042 illi
551 1002 620 1042 relicta
644 1005 674 1041 est
689 1000 797 1054 hereditas,

38 1074 58 1111 et
73 1069 156 1111 audiens
173 1070 274 1124 exsurgit,
295 1070 403 1124 hilarisque
423 1070 487 1112 factus
508 1071 571 1112 induit
591 1072 694 1121 virtutem;
717 1075 737 1111 et
755 1071 797 1124 jam

37 1153 77 1181 non
94 1140 204 1191 discumbit,
220 1140 256 1181 sed
272 1144 316 1192 stat,
334 1145 353 1181 et
368 1141 463 1182 liberatus
476 1146 507 1188 est
522 1155 532 1183 a
546 1142 647 1195 prioribus
662 1141 796 1193 moeroribus,

38 1211 110 1264 etjam
126 1223 167 1251 nou
183 1210 252 1262 sedet,
273 1211 308 1252 sed
325 1211 409 1251 viriliter
425 1212 470 1266 agit.
502 1212 529 1252 lta
545 1217 564 1252 et
580 1223 628 1264 vos,
651 1212 716 1252 audita
732 1224 796 1252 reve-

36 1281 118 1331 latione,
135 1292 193 1333 quarn
207 1280 261 1320 Deus
276 1281 334 1320 vobis
350 1281 454 1321 revelavit.
484 1280 534 1328 Ouia
550 1282 642 1322 misertus
656 1285 686 1321 est
698 1281 795 1321 Dominus

36 1351 105 1402 vestri,
122 1354 142 1390 et
157 1350 263 1390 renovavit
278 1351 367 1403 spiritum
383 1354 483 1402 vestrum,
501 1356 520 1391 et
536 1350 656 1404 deposuistis
672 1350 795 1409 infirmitates

36 1425 114 1461 vestras
120 1434 127 1471 3
148 1421 233 1461 accessit
248 1421 306 1461 vobis
322 1420 429 1472 tortitudo,
450 1424 469 1460 et
487 1420 597 1461 invaluistis
613 1420 698 1472 infide,
719 1423 738 1460 et
753 1420 796 1460 visa

35 1491 91 1531 Deus
108 1489 224 1531 fortitudine
239 1495 307 1531 vestra
322 1491 405 1545 gavisus
423 1494 458 1530 est.
489 1490 573 1544 Propter
594 1491 632 1531 hoc
653 1489 797 1531 demonstravit

35 1561 94 1602 vobis
110 1564 229 1601 structuram
246 1562 305 1601 turris
310 1574 316 1610 3
333 1564 353 1600 el
364 1560 400 1601 alia
412 1560 511 1612 ostendet,
527 1561 544 1601 si
559 1573 585 1601 ex
598 1566 640 1602 toto
654 1560 715 1601 corde
726 1571 796 1614 pacem

35 1631 145 1671 habueritis
161 1631 213 1671 inter
228 1630 285 1671 vos.“

94 1700 144 1741 Xlll.
178 1700 258 1753 ,Tertia
279 1704 344 1742 autern
361 1701 439 1742 visione
455 1700 522 1741 vidisti
537 1700 589 1741 illarn
605 1700 794 1751 adolescentiorem,

34 1771 139 1812 honestam
156 1775 176 1811 et
191 1771 285 1822 hilarem,
302 1775 322 1811 et
338 1782 432 1812 serenum
448 1771 523 1811 vultum
540 1772 590 1824 ejus.
622 1770 677 1813 Sicut
693 1771 756 1820 enirn,
776 1770 794 1810 si

35 1842 92 1883 alicui
108 1845 188 1882 moesto
204 1842 346 1894 supervenerit
360 1842 442 1882 nuntius
457 1841 522 1882 bonus
539 1840 621 1894 aliquis,
641 1841 705 1881 statim
721 1840 794 1881 oblitus

35 1918 65 1954 ost
80 1912 184 1963 moeroris,
201 1911 289 1964 nihilque
304 1912 358 1953 aliud
374 1916 473 1965 expectat,
489 1913 527 1953 nisi
542 1912 718 1962 annuntiationem,
735 1911 796 1963 quam

34 1984 119 2036 audivit,
142 1987 161 2023 et
176 1981 306 2023 confortatur
329 1982 354 2023 de
375 1987 454 2034 cetero,
477 1986 496 2022 et
516 1986 626 2022 renovatur
647 1981 728 2034 spiritus
750 1982 793 2034 eJus

34 2059 116 2107 propter
132 2053 233 2107 gaudium,
249 2053 304 2105 quod
320 2054 397 2106 accepit
403 2066 409 2103 3
428 2054 457 2093 sic
473 2057 493 2093 el
507 2064 545 2094 vos
561 2053 714 2093 renovationem
731 2064 793 2092 acce-

34 2125 90 2178 pistis
107 2124 210 2177 spirituum
226 2128 347 2174 vestrorum,
365 2122 457 2163 videntes
473 2123 524 2163 haec
539 2123 598 2163 bona.
630 2122 654 2162 Et
670 2122 716 2176 quia
732 2134 794 2175 super

34 2194 150 2235 subsellium
166 2192 233 2233 vidisti
249 2192 359 2245 sedentem,
375 2191 433 2233 fortis
449 2193 522 2246 positio
539 2198 582 2244 est,
598 2193 691 2246 quoniam
708 2197 794 2245 quatuor

33 2265 96 2317 pedes
117 2264 177 2304 habet
196 2262 331 2314 subsellium,
345 2268 365 2303 el
384 2263 463 2304 fortiter
479 2268 523 2304 stat,
554 2257 606 2304 Nam
622 2264 740 2304 elmundus
756 2276 793 2316 per

34 2340 120 2389 quatuor
143 2334 242 2374 elementa
263 2334 382 2375 continetur.
414 2334 453 2382 Qui
475 2346 526 2388 ergo
549 2335 691 2387 poeniteutiam
714 2334 793 2384 egerint

35 2403 145 2459 ¹inlegre,
163 2405 255 2458 juniores
278 2410 347 2455 eruut3
368 2411 388 2446 et
410 2407 443 2459 qui
465 2418 491 2447 ex
511 2410 554 2446 toto
571 2405 633 2446 corde
648 2404 791 2457 poeniteutiam

34 2476 126 2527 egerint,
149 2478 207 2531 erunt
231 2474 311 2515 fundati.
348 2475 414 2517 Habes
436 2477 457 2517 in
479 2475 539 2528 pleno
562 2474 717 2522 revelationem3
743 2473 792 2513 nihil

34 2531 222 2598 ampliuspostules
239 2543 263 2583 de
279 2545 399 2587 revelandis.
421 2546 441 2588 Si
457 2546 503 2599 quid
517 2549 582 2585 auteur
594 2544 711 2597 oportuerit,
726 2556 789 2584 reve·

33 2615 106 2657 labitur
122 2615 175 2656 tibi.“

58 2709 76 2754 i)
89 2710 107 2744 In
125 2710 185 2743 codice
200 2708 288 2743 Lambeth.
306 2709 355 2743 deest
371 2710 403 2743 in-
421 2706 479 2752 paullo
489 2711 534 2750 post,
547 2705 568 2739 ad
578 2705 713 2739 distinctionem:
723 2718 748 2742 occ
756 2712 791 2743 toto

34 2772 85 2812 lepre.
114 2768 135 2801 Et
153 2774 211 2811 recte,
229 2774 247 2802 ut
265 2767 344 2809 videtum
365 2777 403 2800 narn
422 2767 479 2801 cordo.
504 2768 593 2798 (inuuere.
