1765 2987
246 182 367 219 uunnnssnu
379 182 491 217 EPISTOLA.
510 183 553 218 XlX,
566 182 602 217 XX.
616 182 659 217 XXI.
804 182 832 224 49

73 300 107 336 tuo
119 305 203 334 serrare
214 292 287 347 possis.
314 290 319 315 ¹
330 291 354 332 Et
365 290 455 332 manibus
467 290 505 331 tuis
518 285 635 345 operaberis
649 289 673 331 ad
686 289 833 331 redemtionem

73 368 204 418 peccatorum
221 367 306 402 luorum.
339 348 401 401 ,No-n
418 360 514 402 dubitabis
531 362 590 413 dare,
611 374 678 415 neque
694 360 833 411 murmurabis,

75 447 135 489 quum
147 434 189 475 das.
215 431 224 457 ³
235 432 296 474 Ornoi
307 432 386 485 perenn·
401 437 419 472 te
431 431 512 480 natae,-
528 444 642 485 cognosces
656 436 733 484 autem,
750 432 795 485 quis
807 432 834 472 sit

73 507 139 545 bonus
148 502 247 543 mercedis
258 502 373 542 retributor.
396 500 514 553 ‘³Serrabis,
526 514 577 554 quae
589 503 690 555 accepisti,
701 515 739 542 nec
750 502 833 553 addens,

74 587 113 615 neo
125 574 214 614 demens.
241 571 305 612 bladus
322 571 405 613 odiosus
417 573 450 612 tibi
466 572 504 611 erit
514 572 534 611 in
543 575 669 625 perpetuum.
697 570 769 612 ⁵Jnsre
776 572 834 626 judi-

75 645 135 685 cabis.
161 642 222 684 6Νοα
239 641 300 682 facies
318 636 432 693 dissidinn13
448 641 484 682 sed
498 654 568 694 pacem
585 641 700 682 conciliabis
715 643 767 681 inter
782 654 834 681 con-

75 714 188 764 tendentes,
205 724 241 753 eos
257 711 366 751 associans.
396 707 544 752 ⁷Confiteberis
559 714 642 762 peccata
658 713 697 750 tua.
724 707 785 750 8Non
799 724 836 751 ac-

76 784 136 825 cedes
150 782 173 825 ad
188 784 299 825 orationem
311 786 363 823 luam
373 781 393 821 in
406 781 528 824 conscicntia
539 780 596 821 mala.
622 780 676 821 Haec
692 784 722 822 est
737 781 768 822 via
780 781 836 822 lucis.

301 911 344 951 XX
374 910 482 950 Deoiot
475 909 579 950 troomcoeb
547 921 612 950 ronam

136 993 190 1037 ⁹Via
206 1000 271 1036 antem
287 994 413 1034 tenebrarum
431 992 510 1045 obliqua
524 995 554 1032 est
567 992 667 1046 plenaque
684 991 836 1034 maledictionis.
876 1022 877 1025 ,

76 1066 112 1106 Est
128 1067 179 1106 enim
196 1066 227 1104 via
243 1064 312 1104 mortis
328 1069 424 1103 aeternae
440 1075 484 1103 cum
500 1061 609 1115 supplicio,
625 1064 645 1103 in
660 1075 699 1115 qua
712 1068 770 1114 sunt,
786 1077 837 1116 quiae

76 1135 163 1190 perdunt
178 1135 261 1174 ammam
278 1133 389 1174 hominum:
406 1132 531 1183 idololatria,
549 1133 661 1184 temeritas,
679 1133 737 1175 elatio
755 1134 780 1174 ab
796 1146 837 1187 po-

77 1206 169 1256 tentiam,
186 1203 294 1254 sirnnlalio,
311 1215 347 1244 cor
361 1203 444 1255 duplex,
462 1202 589 1252 adulterium,
606 1203 744 1254 homicidium,
760 1205 836 1256 rapina,

78 1274 183 1326 superbia,
205 1272 352 1325 transgressio,
375 1271 446 1322 dolus,
462 1272 546 1323 malitia,
566 1273 692 1326 arrogantia,
713 1273 838 1325 veneficium,

78 1344 150 1396 magia,
164 1343 252 1393 avaritia,
268 1342 332 1381 nullus
343 1341 380 1381 Dei
391 1342 455 1382 timor,
486 1337 529 1380 ¹⁰In
543 1354 581 1394 qua
595 1347 641 1382 snnt
652 1343 751 1382 bonorum
765 1355 839 1396 perse-

79 1418 171 1463 cutores,
189 1423 261 1451 osores
277 1412 372 1462 veritatis,
389 1413 488 1450 amatores
507 1408 520 1432 ¹¹
530 1409 633 1462 mendacii,
650 1422 690 1451 non
707 1424 839 1465 cognoscen-

77 1487 107 1523 tes
124 1481 237 1523 mercedem
251 1482 353 1536 justitiae,
370 1492 411 1521 non
427 1480 515 1534 adjuncti
531 1479 556 1520 ad
571 1480 659 1533 bonum,
675 1482 748 1523 viduae
765 1488 784 1522 et
799 1496 840 1536 pu-

76 1553 125 1605 pilio
139 1565 180 1593 non
193 1552 318 1592 attendentes
334 1565 359 1592 ex
368 1553 423 1605 Justo
437 1549 518 1604 judicio,
535 1551 641 1604 vigilantes
654 1564 694 1592 non
710 1553 733 1593 ad
748 1553 839 1594 timorem

77 1623 121 1674 Dei,
138 1622 174 1664 sed
186 1623 210 1663 ad
222 1622 321 1674 malitiam,
338 1636 349 1663 a
364 1622 435 1674 quibus
448 1621 511 1674 longe
525 1633 548 1661 ac
561 1623 632 1674 procul
647 1628 693 1663 sunt
707 1624 839 1665 mansuetudo
862 1652 865 1655 -

78 1697 97 1733 et
107 1692 207 1746 patientia,
221 1693 255 1745 qni
266 1691 351 1745 diligunt
364 1703 421 1742 vana,
438 1694 580 1731 consectantur
591 1694 781 1745 remunerationem,
798 1707 838 1735 non

77 1762 290 1815 miserenturinopis,
307 1773 347 1803 tran
363 1761 454 1801 laborant
468 1760 488 1800 in
505 1760 589 1814 gratiam
603 1762 667 1814 illins,
684 1764 717 1815 qui
730 1763 801 1803 labore
815 1776 838 1803 ac

77 1833 177 1873 aerumnis
190 1831 294 1872 coniectus
308 1835 343 1882 est,
362 1829 386 1870 ad
401 1830 564 1871 obtrectationem
578 1833 671 1886 prompti,
688 1845 728 1873 non
746 1845 838 1886 cognos-

78 1906 147 1943 centes
157 1905 268 1943 creatorem
276 1913 340 1953 suum,
353 1900 462 1941 liberorum
473 1900 634 1955 interemptores,
646 1903 665 1943 in
675 1903 779 1943 abortione
788 1891 837 1943 cor—

77 1976 191 2026 rumpentes
198 1972 234 2012 Dei
242 1975 358 2023 creaturam,
364 1974 483 2011 aversantes
490 1984 583 2025 egenum,
593 1973 728 2026 opprimentes
736 1972 837 2024 alssiclnm,

78 2041 159 2083 diuitum
170 2041 268 2095 aduocati,
284 2054 394 2097 pauperum
406 2040 468 2094 iniqui
478 2041 568 2094 Judices5
584 2055 621 2095 per
634 2044 699 2084 omnia
712 2046 837 2097 peccatores.

272 2170 323 2211 XXI.
357 2168 468 2211 Conclusio
485 2171 636 2213 calmontem-to.

137 2252 228 2305 Aequum
242 2252 303 2311 igilur
316 2256 352 2304 est,
368 2256 390 2291 ut
402 2251 461 2293 bomo
475 2252 558 2294 edoctus
569 2253 660 2295 mandata
672 2254 758 2305 Domini,
775 2258 837 2307 quot-

78 2327 126 2375 quot
141 2323 287 2376 prius‘scripta
303 2327 361 2375 sunt,
382 2322 402 2362 in
419 2324 448 2364 eis
464 2324 555 2365 ambulet.
587 2325 625 2373 Qni
644 2325 696 2365 enim
712 2337 736 2366 ea
751 2325 835 2379 perlicit,

69 2383 97 2432 vin
108 2405 173 2447 regno
188 2393 225 2433 Dei
237 2393 302 2447 gloria
317 2392 458 2444 cumulabitur,
475 2394 509 2446 qui
524 2406 574 2435 vero
593 2392 654 2436 ¹²alia
671 2395 761 2449 elegerit,
777 2394 835 2435 simul

100 2518 119 2562 7)
133 2518 190 2553 Consi
203 2520 263 2565 dpost
252 2520 348 2564 r‚trvlt
478 2522 509 2567 11)
527 2520 590 2559 Ψεῦδος
606 2522 651 2556 addo
668 2532 688 2556 ex
702 2521 758 2555 Coust.
773 2520 834 2566 Apost.

133 2577 176 2611 Ibid.
190 2578 225 2621 Vll,
240 2580 267 2613 l7.
465 2580 476 2614 Ι.
490 2593 505 2615 c.

101 2577 121 2621 8)

102 2635 129 2676 9)
134 2634 192 2669 Const.
205 2637 265 2681 Apost.
278 2636 314 2680 uu,
329 2636 356 2670 18.
479 2639 508 2681 12)
521 2636 584 2670 Ἐκεῖνα
596 2652 619 2670 =
633 2648 677 2683 qnae
692 2637 760 2671 divinoe
771 2638 835 2672 volnu-

91 2693 121 2736 10)
134 2693 210 2728 Subaudi
222 2705 244 2728 ex
256 2694 398 2729 antecedentibus
410 2688 448 2737 ἐν)
467 2698 496 2730 tati
508 2702 547 2729 sunt
559 2697 653 2738 contraria,
667 2694 688 2728 de
701 2697 762 2741 quibus
776 2709 791 2731 c.
805 2698 836 2732 XX

78 2751 112 2783 aim.
466 2754 521 2788 fuerat
533 2764 595 2789 sermo.

114 2822 157 2849 Patres
166 2826 207 2855 apost.
218 2823 242 2848 Ed¹
254 2824 276 2849 lv.
680 2812 695 2857 4
