1765 2987
239 180 345 217 urtsrotn
358 179 389 216 AD
402 181 536 219 DlOGllETUlil.
549 184 569 220 X.
582 183 609 219 XI.
761 151 804 228 317

46 304 102 334 suam
118 285 221 343 formavit,
243 290 267 332 ad
284 302 335 344 quos
350 290 411 332 filium
427 304 483 334 snum
501 294 625 349 unigenitum
646 293 709 345 misit,
731 292 803 346 quibus

47 361 136 404 coeleste
156 373 241 414 regnum
261 362 363 415 promisit,
385 367 404 402 et
425 363 478 405 dabit
496 365 532 417 iis,
554 366 588 418 qui
603 365 667 418 ipsum
684 363 803 404 dilexerunt.

45 433 150 484 Postquam
174 436 240 471 autem
265 430 335 472 ¹iilum
360 434 491 486 cognoveris,
515 440 587 487 quanta
611 438 631 474 te
654 434 755 488 impletum
779 434 803 474 iri

45 503 118 543 laetitia
134 500 253 556 existimas?
285 500 326 542 Aut
341 502 441 554 quomodo
458 503 530 558 diliges
547 517 603 556 eum,
622 505 656 557 qui
670 505 726 558 prior
741 509 761 545 te
776 504 803 545 ita

46 571 154 615 dilexerit?
185 570 206 613 Si
221 574 286 611 autem
303 582 349 611 eum
365 571 441 626 diligas,
457 573 543 614 imitator
556 574 684 627 benignitatis
700 575 743 628 ejus
756 574 802 615 eris.

45 643 76 684 Ac
90 654 117 682 ne
133 641 219 693 mireris,
234 652 297 694 posse
312 640 412 681 bominem
427 654 473 683 esse
485 643 602 684 imitatorem
613 644 656 684 Dei.
686 645 761 695 Potest,
777 657 803 685 eo

44 713 139 755 volente
162 711 208 752 Non
224 711 276 751 enim
292 711 395 765 imperium
408 712 428 752 in
443 713 547 765 proximos
559 713 658 764 obtinere,
673 725 740 766 neque
751 711 806 754 velle

44 772 164 823 infirmiores
181 794 285 836 superare,
302 793 368 833 neque
384 781 464 821 divitem
481 793 526 822 esse
543 786 563 822 et
575 782 614 822 vim
629 781 704 822 inferre
717 781 804 824 inferio-

43 854 111 905 ribus,
134 853 214 893 beatum
236 852 337 893 bominem
359 851 438 902 reddit3
461 863 528 904 neque
549 851 568 892 in
593 851 623 891 bis
646 852 710 892 Deum
733 852 805 893 imitari

45 924 149 977 quisquam
166 926 240 976 potest.
272 922 311 965 Sed
328 934 366 962 nec
382 922 475 975 majestas
491 922 528 965 Dei
548 922 568 962 in
585 921 616 962 bis
630 922 691 963 rebus
708 924 803 964 consistit.

44 995 70 1036 At
86 994 119 1047 qui
136 994 223 1047 proximi
240 1005 291 1035 onus
307 994 327 1033 in
343 1005 365 1033 se
381 993 457 1046 recipit,
474 992 513 1045 qui,
530 1004 568 1045 qua
584 991 603 1032 in
619 1005 642 1033 re
656 995 750 1047 superior
765 998 802 1046 est,

45 1065 104 1105 alium
124 1063 241 1105 inferiorem
262 1063 360 1104 beneficio
380 1063 422 1105 vult
442 1063 535 1123 allicere,
558 1061 620 1116 ‘²qui,
642 1076 693 1117 quae
712 1065 771 1105 babet
791 1078 803 1105 a

43 1135 87 1175 Deo
111 1138 205 1187 accepta,
232 1133 325 1187 ³indigis
346 1133 474 1187 suppeditans
495 1133 591 1173 Deus'iit
611 1134 761 1187 accipientium3
785 1134 802 1173 is

44 1204 79 1244 Dei
96 1207 126 1244 est
141 1204 234 1244 imitator.
266 1200 341 1243 4Tunc
356 1203 478 1255 perspicies,
494 1204 513 1243 in
530 1208 583 1243 terra
600 1203 683 1256 degens,
703 1203 766 1243 Deutn
782 1204 802 1243 in

44 1271 124 1314 ⁵coelis
140 1273 245 1325 mundum,
266 1272 320 1312 velut
336 1273 420 1326 aliquam
436 1273 589 1325 rempublicam,
609 1274 735 1326 gubernare;
756 1278 803 1313 tuno

43 1343 137 1397 mysteria
155 1343 192 1383 Dei
208 1342 263 1395 loqui
278 1343 375 1396 incipies,
391 1346 438 1383 lunc
454 1354 497 1394 eos,
514 1343 548 1395 'qui
563 1344 677 1396 puniuntur,
694 1342 747 1395 quod
764 1343 802 1383 ab-

43 1426 120 1468 negare
135 1414 199 1454 Deum
215 1414 289 1465 nolint,
312 1418 332 1454 ar
348 1414 419 1467 diliges
436 1417 455 1453 et
470 1413 574 1452 miraberis
580 1427 586 1462 5
608 1417 655 1453 lunc
672 1414 803 1465 imposturam

43 1484 111 1525 mundi
127 1489 147 1524 et
164 1496 254 1525 errorem
271 1484 383 1534 damnabis,
406 1497 465 1537 quum
487 1496 536 1525 vere
552 1482 571 1525 in
588 1483 646 1524 coelo
662 1484 732 1524 rivere
749 1483 802 1524 didi-

44 1554 107 1605 ceris,
129 1567 188 1607 quum
205 1566 259 1605 eam,
281 1567 332 1607 quae
347 1553 393 1594 beic
408 1566 462 1594 mors
479 1566 525 1594 esse
541 1557 647 1605 censetur,
664 1554 802 1605 contemseris,

44 1629 63 1666 et
79 1630 163 1665 mortem
180 1637 248 1665 reram
263 1623 372 1665 formidare
388 1625 487 1677 coeperis,
504 1635 555 1676 quae
571 1628 664 1664 servatur
679 1624 710 1675 iis,
729 1624 762 1676 qui
778 1622 802 1664 ad

44 1692 129 1748 fiignem
145 1699 249 1735 aeternum
266 1694 421 1746 danmabuntnr,
438 1695 471 1746 qui
487 1694 524 1734 sibi
540 1693 622 1734 traditos
641 1694 738 1747 supplicio
755 1693 801 1734 aifr-

43 1764 82 1804 ciet
102 1763 126 1804 ad
146 1764 206 1805 finem
226 1776 297 1817 usque¹
329 1764 385 1805 Tunc
405 1764 534 1804 admiraberis
555 1775 602 1815 θος,
626 1765 659 1816 qui
676 1776 712 1817 pro
726 1765 802 1818 justitia

42 1834 109 1889 ignem
125 1836 225 1888 patiuntur
242 1831 405 1887 ⁷temporarium,
423 1838 442 1875 et
454 1835 526 1876 beatos
542 1846 578 1876 eos
592 1822 725 1888 praedicabis,
742 1845 801 1887 quum

42 1903 109 1958 ignem
124 1905 179 1945 illum
195 1905 323 1958 cognoveris.

41 2101 75 2143 XI.
108 2102 166 2152 Quae
181 2103 243 2154 milti,
264 2103 414 2155 Apostolorum
435 2103 552 2155 discipulo,
574 2104 656 2144 trudito
671 2108 730 2154 sorar,
752 2102 800 2144 odiis

41 2172 184 2214 subministro.
215 2172 273 2214 Haec
293 2174 347 2215 satta
369 2174 434 2227 digno
454 2180 516 2222 satatt5
537 2187 585 2214 arom
606 2175 679 2228 fideles
701 2174 801 2228 arpsterio

39 2245 109 2294 patris
126 2249 274 2295 cognoberunt,
290 2249 311 2283 at
325 2257 384 2296 quam
398 2245 427 2284 act
438 2245 498 2297 finem
511 2244 607 2286 ctutum
619 2246 708 2295 uenerit,
724 2245 800 2285 scierat.

100 2325 151 2367 Non
162 2325 187 2367 de
203 2326 264 2367 rebus
281 2326 394 2381 peregrinis
410 2326 493 2379 loquor,
514 2339 581 2380 neque
591 2330 668 2367 temere
684 2326 726 2366 aliis
750 2336 799 2378 per-

41 2395 128 2436 suadere
149 2396 234 2447 stude03
256 2396 293 2437 sed
313 2396 458 2449 Apostolorum
479 2395 544 2437 lactus
567 2396 687 2450 discipulus,
710 2396 799 2450 gentium

41 2520 74 2555 dici
86 2528 148 2567 potest.
170 2523 204 2559 Gfr.
213 2526 361 2571 Quurtalscbrift,
374 2523 385 2557 l.
395 2534 409 2558 c¹
453 2524 472 2566 7)
485 2522 509 2557 Ita
523 2522 599 2557 lacunam
613 2523 677 2556 codicis
690 2521 799 2566 Stephaniaui

40 2590 57 2623 p,
70 2580 111 2616 456,
429 2581 504 2626 explevit
513 2579 558 2623 Otto,
572 2592 623 2626 quum
631 2581 647 2614 in
657 2580 718 2614 codice
728 2580 797 2623 mgen-

64 2638 84 2684 5]
97 2639 177 2675 Fortasse
189 2636 285 2684 cluigniacum.
305 2642 367 2675 Sarra.
429 2640 510 2674 toratensi
525 2640 600 2684 vestigia
619 2638 674 2685 aliqua
692 2640 741 2673 vocis
759 2652 799 2684 προς

64 2696 83 2739 6)
100 2698 193 2732 Articulum
212 2710 222 2733 e
240 2698 302 2733 codice
319 2701 410 2745 Argentor.
429 2698 528 2733 detexisset.
552 2696 613 2732 Banna
625 2698 688 2742 placuit
700 2696 777 2743 ἐπίγειον.

41 2756 114 2790 restituit
127 2755 172 2791 Otto.
418 2773 421 2795 ι
