1765 2987
81 167 98 203 S.
112 164 250 211 reductum]
376 163 548 200 PROLEGOIIENA.
762 164 842 200 LXXXIII

79 275 185 329 Polycarpi
207 275 303 329 martyrio
327 273 378 315 fama
398 278 472 314 tantum
495 286 518 315 ac
540 287 621 317 rumore
644 279 703 316 tenus
725 273 841 326 audiissent,

79 345 155 386 litteras
169 335 272 386 dederunt
280 344 304 385 ad
315 344 470 399 Smyrnaeorum
485 345 596 398 ecclesiam,
612 349 714 402 rogantes,
730 350 751 386 ut
763 349 841 397 cuncta,

80 429 131 469 quae
147 416 167 456 iu
182 415 291 456 beatissimi
308 415 345 456 viri
361 415 454 470 passione
470 419 526 469 gestu
545 415 635 467 fueraut,
658 417 771 472 singillatim
790 429 840 471 per-

79 487 153 541 scripta
168 485 193 526 ad
208 487 264 539 ipsos
280 485 411 526 mitterentur.
443 486 500 534 Quod
522 487 602 540 quidem
626 488 756 529 libenIIssime
776 500 839 542 prae-

79 558 172 599 stiterunt
188 556 304 610 Smyrnaei,
321 557 393 610 scripta
410 557 434 597 ad
450 557 505 611 ipsos
522 557 619 611 epistola,
639 570 697 610 quam
712 558 732 598 in
748 559 839 599 manibus

79 628 180 668 babemus.
211 626 233 667 Id
249 614 314 668 autem
329 627 455 668 subindicant
471 626 501 667 bis
518 627 585 667 verbis
605 624 635 681 [c.
652 625 704 681 20):
727 624 787 680 ὑμεῖς
801 624 840 679 μὲν

79 688 115 739 οὖν
137 688 243 754 ἠξιώσατε
264 692 301 739 διδ
323 689 428 739 πλειόνων
450 694 575 753 δηλωθῆναι
598 689 649 749 ὑμῖν
671 691 699 736 τα
721 693 838 750 γενόμενα-ί

79 767 118 810 Sed
131 770 201 821 primo
218 781 270 810 anno
286 774 332 823 post
348 773 432 809 mortem
449 768 468 810 S.
480 767 583 821 Polycarpi
600 760 642 808 acta
658 768 710 808 haec
726 769 840 823 conscripla

79 828 125 881 esse
141 839 188 880 mdc
204 852 231 880 ex
247 852 271 881 eo
288 844 377 893 apparet,
394 839 448 892 quod
463 829 538 893 prunus
555 837 597 878 dies
615 838 765 880 anniuersarius
780 838 839 893 buJus

79 910 166 965 martyrii
182 910 271 951 nondum
287 909 400 951 celebratus
417 909 460 961 suit,
476 915 498 950 ut
514 922 541 950 ex
556 921 598 962 cap.
617 906 644 951 18
659 910 797 963 perspicimus.

137 981 168 1022 IV.
199 981 307 1034 Epistulam
332 980 356 1020 de
380 980 480 1035 martyrio·
498 980 613 1033 Polycarpi,
637 980 718 1021 nomine
740 979 839 1021 ecclesiae

78 1050 206 1105 smyrnensis
222 1052 246 1092 ab
260 1051 358 1092 Evaresto
375 1051 514 1104 conscriptam,
531 1050 610 1091 Murcus
627 1049 712 1103 quidam,
728 1062 765 1092 seu
782 1050 838 1091 Ilar-

78 1119 184 1176 uanus¹¹],
200 1120 225 1161 ad
240 1121 404 1161 Philomelienses
420 1118 539 1175 per·lulit²).
570 1120 677 1173 Exemplar
695 1125 761 1161 autem
777 1120 836 1173 hujus

78 1190 174 1244 epIstolae
189 1191 257 1232 babuit
267 1191 376 1241 irenaeus,
394 1190 446 1244 quod
461 1190 527 1243 (ἴαμα
541 1190 585 1244 ejus
600 1190 708 1243 discipulus
723 1190 836 1246 descripsit,

78 1265 159 1314 etpost
175 1274 218 1302 eum
234 1262 334 1302 Socrates
351 1261 430 1314 quidam
446 1260 571 1312 corinthus,
594 1264 653 1312 alque
671 1259 733 1312 alius,
748 1260 837 1301 Plenius

77 1328 198 1386 nomine3).

136 1402 159 1441 V.
183 1401 285 1455 Epistulae
297 1401 425 1455 Smyrnensis
441 1400 540 1441 ecclesiae
555 1402 649 1454 optimum
660 1400 759 1442 Eusebius
774 1413 837 1454 prae-

77 1472 119 1512 buit
135 1472 282 1525 testimonium,
303 1474 337 1525 qui
352 1473 452 1525 potiorem
469 1471 513 1525 ejus
528 1476 604 1525 partem
621 1471 717 1512 historiae
733 1483 783 1511 suae
803 1471 837 1510 in-

77 1544 146 1593 seruit,
162 1543 218 1583 hisce
232 1543 300 1583 verbis
310 1539 343 1596 a),
358 1535 388 1582 Ἐν
402 1538 471 1597 τούτῳ
488 1539 513 1583 δὲ
528 1541 644 1598 (tempore)
660 1535 837 1598 δΗολίκαρπος,

75 1608 179 1669 μεγίσταν
194 1607 231 1667 την
245 1605 314 1652 Ἀσίαν
329 1605 534 1667 τίναδοροβηστίνττον
549 1610 658 1667 διωγμῶν,
674 1610 786 1669 μορτορίῳ
802 1625 836 1652 τε-

74 1680 176 1723 λειοῦται.
205 1674 378 1736 Ἀναμναιότατον
398 1680 423 1723 δὲ
443 1680 510 1724 αὐτοῦ
529 1679 554 1724 τὸ
575 1680 648 1733 τέλος,
671 1677 784 1739 ἐγγράφως
804 1677 837 1724 ἔτι

74 1745 195 1807 φερόμενον,
211 1748 299 1807 ripoinum
314 1750 357 1793 δεῖν
372 1749 441 1808 puppup
456 1752 494 1808 τῆς
510 1749 606 1809 ἱστορίας
618 1752 680 1808 enode
689 1750 835 1794 καταθέσθαι.

75 1819 133 1864 ’Ἐστι
149 1820 174 1863 δὲ
187 1819 200 1878 ἡ
211 1819 283 1878 γραφη
296 1819 319 1863 ἐκ
328 1816 450 1879 προσώπου
461 1823 487 1878 ης
498 1818 562 1871 αὐτὸς
573 1820 682 1879 ἐκκλησίας
692 1817 770 1879 ἡγοῖτο,
785 1823 835 1871 ταῖς

73 1886 126 1932 aurel
146 1884 229 1934 Πόντον
249 1883 375 1949 ποροικίαις
396 1890 423 1933 τοὶ
443 1887 489 1934 κατ’
512 1890 576 1934 οαῖτδν
597 1887 777 1949 ἀποσημαίνουσα
798 1887 836 1934 διδ

72 1955 154 2003 τοίταν
169 1976 186 2002 κ.
202 1951 220 2002 τ.
236 1960 253 2003 λ.
285 1963 400 2016 Sequuntur
416 1964 478 2004 verba
495 1964 594 2017 epistolae
610 1968 697 2006 nostrae.

132 2032 219 2085 lbIdem,
242 2038 347 2087 postquam
363 2034 463 2074 Eusebius
483 2034 542 2074 multa
562 2035 645 2088 protulit
661 2048 687 2075 ex
703 2047 726 2075 ea
744 2034 835 2088 epistola,

73 2103 173 2145 concludit
187 2103 217 2144 Iris
229 2104 308 2144 verbis:
328 2097 360 2145 Tel
374 2100 414 2156 μὲν
429 2097 457 2159 δη
472 2097 527 2144 aurci
541 2101 578 2146 τδν
592 2100 715 2157 {tumuletur
729 2101 764 2145 καί
779 2100 836 2145 cirre-

73 2168 169 2216 στολινδν
185 2161 341 2230 Πολίκαρττον,
361 2167 464 2216 τοιούτου
481 2170 599 2230 κατηξίοντο
615 2172 703 2225 τὲλοος,
724 2173 767 2215 τῶν
781 2167 836 2216 κατα)

72 2239 109 2300 τήν
123 2240 248 2300 Σμυρναίων
264 2240 372 2300 ἐκκλησίαν
387 2239 488 2301 ἀδελφῶν
502 2241 539 2300 την
555 2242 657 2302 ἱστορίαν,
674 2242 695 2287 ἐν
709 2261 723 2301 η
738 2237 834 2300 δεδηλώ-

72 2329 133 2368 καμεν
148 2308 218 2356 αὐτῶν
234 2306 346 2372 ἐπιστολῇ,
361 2311 551 2368 κατατείνειμένων.

96 2452 113 2495 1)
126 2452 151 2486 lta
163 2451 232 2486 exbibet
244 2459 294 2487 vetus
306 2453 397 2495 interpres.
459 2453 499 2486 vitis
518 2451 586 2485 Patrum
605 2452 684 2486 oriental.
704 2451 742 2485 T.I
760 2457 778 2485 et
794 2457 833 2496 post

94 2510 113 2551 2)
126 2510 169 2543 Vide
182 2510 250 2553 llartpr.
263 2510 354 2554 Polycarpi
367 2521 382 2542 c.
396 2510 424 2542 20.
460 2521 498 2543 eum
508 2511 608 2545 Reddendus
618 2510 672 2543 edidit
679 2509 750 2543 indetis
758 2509 832 2543 Sancto-

94 2567 113 2608 3)
126 2567 227 2602 Ibid.c.22.
241 2568 283 2601 Aeta
291 2569 375 2613 quaedem
382 2567 399 2601 S.
405 2567 441 2602 Po·
460 2579 495 2601 rum
509 2568 529 2601 ad
544 2568 588 2601 diem
600 2567 623 2600 26
636 2567 703 2601 Ianuar.

70 2624 136 2668 lyrarpi
154 2627 222 2669 spuria,
242 2626 302 2659 Pionio
320 2626 359 2659 huic
376 2627 441 2663 auctori
483 2625 502 2668 4)
516 2625 558 2660 Hist.
573 2626 615 2660 eccl.
629 2625 656 2667 lv,
672 2625 699 2658 15.

70 2682 113 2717 falso
126 2682 198 2726 tributa,
216 2685 282 2720 Petrus
300 2684 407 2721 Huttotocr'us
424 2686 441 2719 iu
