1789 2987
87 199 131 242 428
229 195 322 232 uunrrau
334 195 425 231 aaaron.
450 196 516 232 traua
527 197 555 232 ur.
580 197 664 232 suumn
677 198 704 234 m.

88 307 133 360 quia
149 305 249 360 prioribus
266 304 336 346 diebus
358 309 490 346 cessaverunt
511 306 534 346 ab
557 314 630 363 opere,
651 305 737 359 repetito
753 310 844 360 tempore

87 376 160 429 aliquid
176 376 224 416 boni
240 375 308 416 facere
324 377 407 430 possint.
438 374 488 415 Acta
503 376 563 430 igitur
578 376 711 428 poenitentia,
727 377 744 417 si
760 376 845 418 fecerint

87 458 148 507 opera
165 447 265 498 bonitatis,
281 447 361 495 vivent3
377 446 407 486 sin
417 450 490 486 ’autem
505 446 525 487 in
537 446 628 488 admissis
640 447 682 487 suis
692 448 844 501 permanserint,

86 516 190 559 tradentur
205 516 322 558 mulieribus
338 516 383 568 illis,
400 527 451 569 quae
467 516 495 556 eis
512 516 604 558 aulererrt
619 517 699 557 vitarn.“

145 586 196 627 XXI.
229 587 272 639 ,De
288 591 358 640 quarto
374 598 424 627 nero
440 591 515 639 monte,
533 588 620 629 habente
636 588 739 641 plurimam
755 588 843 642 herbam,

87 657 144 711 cujus
160 658 254 710 superior
265 669 310 710 pars
322 655 391 697 viridis
403 660 451 709 erat,
469 657 524 710 ipsae
535 670 585 699 vero
597 658 675 699 radices
687 646 761 711 aridae,
778 671 844 712 quae-

86 728 130 768 dam
152 729 210 768 etiam
231 740 242 768 a
262 727 311 768 solis
333 726 407 768 ardore
427 730 491 768 tactae
513 728 642 770 arescebam:
665 729 778 783 huiusmodi
798 733 857 786 sunt,

86 798 165 851 qnidam
183 796 264 850 ¹dubii‚
286 797 320 851 qui
336 797 476 851 crediderunt,
498 802 518 838 et
533 798 611 851 quidam
627 799 670 852 alii,
689 800 710 840 in
725 799 782 840 labiis
798 799 843 840 Do-

86 869 165 920 minum,
182 880 222 908 non
238 869 258 908 in
275 868 336 908 corde
352 867 448 910 ferentes.
478 868 567 922 Ideoque
583 869 650 910 aridae
665 875 718 922 sunt,
735 874 755 910 et
769 869 844 911 nullum

86 939 234 980 fundamentum
250 939 347 980 habentes
364 938 439 979 herbae
455 952 536 989 eorum,
554 940 622 980 verbis
639 941 691 980 enim
707 939 843 981 tantummodo

85 1010 166 1060 virunt,
188 1020 250 1060 opera
271 1020 321 1049 uero
344 1021 414 1049 corum
434 1013 512 1049 mortua
530 1013 582 1050 sunt.
613 1009 637 1048 lli
653 1020 703 1062 ergo
719 1022 757 1049 nec
772 1008 844 1049 mortui

85 1084 131 1121 sunt
151 1091 189 1119 nec
209 1079 262 1131 vivi,
286 1084 306 1119 et
327 1078 380 1119 dubii
401 1078 491 1119 similiter
511 1082 561 1118 sunt.
593 1078 633 1131 lpsi
654 1079 706 1119 enim
731 1078 784 1119 dubii
805 1090 843 1119 neo

86 1149 160 1190 virides
177 1152 235 1201 sunt,
257 1161 323 1201 neque
340 1149 399 1199 aridi3
416 1147 436 1188 id
452 1152 492 1200 est,
508 1160 547 1189 nec
562 1148 609 1201 irini,
627 1160 665 1188 neo
680 1150 758 1189 mortui.
790 1147 844 1190 Siout

86 1222 137 1261 enim
152 1220 228 1260 herbae
244 1231 314 1260 eorum
328 1219 432 1260 sole-viso
449 1223 555 1268 aruernnt3
576 1218 603 1258 ita
626 1222 645 1258 et
663 1218 728 1269 dubii,
749 1217 807 1258 simul
822 1222 843 1258 ut

85 1290 191 1332 audierunt
210 1290 383 1342 persecutionem,
403 1285 529 1330 incommoda
549 1292 675 1340 metuentes,
694 1286 797 1328 redierunt
818 1287 843 1328 ad

84 1360 201 1411 simulacra,
224 1364 243 1399 et
258 1371 328 1399 rursus
344 1349 462 1400 servierunt
478 1359 518 1409 eis,
541 1361 560 1397 et
577 1359 701 1398 erubuerunt
716 1357 795 1399 Domini
811 1358 842 1398 sui

84 1431 138 1471 ferre
149 1441 229 1470 nomen.
249 1428 367 1482 HnJ'usmodi
378 1441 428 1482 ergo
439 1428 530 1469 homines
541 1440 579 1468 nec
590 1428 637 1479 riri,
652 1440 690 1468 neo
700 1428 773 1467 mortui
784 1431 829 1468 sunt
834 1440 841 1477 ;

84 1499 121 1542 sed
136 1504 155 1539 et
167 1499 187 1539 hi
198 1503 284 1551 possunt
298 1500 376 1550 virere,
392 1499 409 1538 si
420 1498 458 1539 cito
470 1497 700 1551 egerintpoenitenliam
706 1512 712 1548 3
728 1498 758 1537 sin
770 1497 841 1549 minus,

82 1570 123 1623 jam
139 1569 205 1608 traditi
220 1572 266 1609 sunt
281 1568 397 1608 mulieribus
413 1567 457 1620 illis,
473 1579 524 1620 quae
540 1566 631 1607 auferent
646 1568 706 1607 uitam
723 1567 812 1608 eorum.“

143 1637 202 1678 XXII.
230 1638 279 1690 ,lle
301 1638 369 1690 quinto
389 1648 440 1677 vero
461 1640 528 1677 monte
543 1637 622 1689 vaspero
641 1640 660 1677 et
674 1636 751 1677 virides
767 1637 841 1678 herbas

83 1707 181 1748 habente:
197 1707 311 1762 hujusmodi
326 1710 382 1759 sunt,
399 1707 432 1759 qui
448 1705 587 1757 crediderunt,
610 1705 681 1748 fideles
698 1706 789 1759 quidem,
805 1706 842 1747 sed

84 1776 164 1817 difficile
180 1777 293 1827 credentes,
309 1782 330 1817 et
346 1777 439 1828 audaces,
455 1789 479 1817 ao
490 1777 527 1817 sibi
538 1777 653 1829 placentes,
669 1778 761 1818 volentes
777 1777 842 1818 videri

84 1851 155 1888 cuircta
177 1847 242 1899 scire,
265 1847 354 1900 nihilque
378 1847 458 1888 onnrino
479 1847 573 1887 scientes.
603 1847 688 1899 Propter
709 1847 760 1888 hanc
782 1843 842 1901 igitur

83 1916 184 1956 audaciam
200 1927 272 1956 sensus
290 1917 382 1957 discessit
397 1916 421 1957 ab
438 1917 486 1968 illis,
508 1920 527 1956 et
546 1916 626 1957 intrauit
646 1917 666 1957 in
683 1928 719 1958 eos
735 1918 842 1958 temeraria

83 1986 205 2039 arrogantia.
236 1985 335 2028 Sublimes
351 1990 416 2027 autem
433 1997 456 2027 se
471 1990 556 2039 genno,
573 1990 592 2025 et
607 1986 669 2027 veluti
684 1986 805 2040 prudentes;
822 1991 842 2027 et

83 2067 143 2108 qurum
155 2056 194 2096 sint
204 2055 264 2107 stulti,
281 2056 362 2108 copiunt
374 2055 469 2096 doctores
480 2055 549 2096 rideri.
573 2055 658 2111 Propter
672 2057 723 2097 hano
733 2056 840 2108 stultitiam,

84 2126 130 2165 dum
146 2137 169 2166 se
185 2126 318 2179 magnificant,
334 2125 390 2166 mulli
406 2138 475 2167 eorum
492 2125 586 2166 exinaniti
602 2130 654 2166 sunt.
682 2127 776 2180 lllagnum
789 2121 841 2166 enim

83 2192 229 2235 ²daemonium
251 2199 282 2235 est
301 2194 383 2236 audacia
405 2199 424 2234 et
446 2193 564 2235 confidentia
585 2193 655 2234 inanis.
681 2181 716 2235 ‘Ex
735 2194 765 2235 his
781 2194 841 2248 igitur

82 2265 138 2305 multi
154 2265 226 2318 abjecti
241 2268 292 2305 sunt.
323 2264 364 2305 Alii
386 2268 451 2305 autern
472 2263 539 2318 agnito
558 2276 628 2304 errore
643 2275 680 2306 suo
697 2263 841 2317 poenitentiam

82 2338 177 2389 egerunt,
192 2337 211 2373 et
225 2332 358 2374 subdiderunt
372 2345 395 2374 se
411 2334 528 2374 habentibus
544 2345 630 2374 sensum.
662 2335 702 2376 Sed
719 2338 739 2374 et
755 2334 840 2375 caeteris

80 2403 152 2444 horum
173 2403 269 2444 similibus
290 2403 395 2455 proposita
418 2408 448 2443 est
471 2403 606 2455 poenitentia3
629 2415 695 2457 neque
719 2404 771 2444 enim
794 2403 840 2444 mali

81 2472 173 2523 luerunt,
194 2472 231 2512 sed
252 2472 370 2524 insipientes
389 2472 455 2525 potius
477 2477 496 2512 et
512 2473 571 2513 stulti.
602 2473 626 2513 lli
645 2485 706 2527 ergo,
727 2474 744 2514 si
760 2475 839 2527 egerint

80 2542 229 2595 poenitentiam,
245 2542 315 2583 vivent
325 2543 381 2594 De03
397 2542 428 2583 sin
443 2542 514 2593 minus,
531 2541 646 2583 habitabunt
662 2556 706 2584 cum
723 2543 838 2584 mulieribus

80 2612 126 2662 illis,
143 2623 194 2663 quae
210 2611 309 2663 nequitias
324 2623 372 2652 suas
388 2612 513 2652 exercebunt
528 2613 548 2652 in
565 2612 614 2652 eis.‘⁴

105 2701 123 2745 1)
136 2700 189 2734 Iidem
197 2701 375 2735 describunturSimil.
383 2702 450 2745 vitm.
470 2705 566 2740 dcemonio.
597 2703 631 2737 cfr.
650 2703 706 2738 bland.
724 2702 745 2737 II.
764 2714 781 2747 p.
797 2702 837 2736 347.

105 2760 124 2804 2]
137 2759 181 2793 Vitia
194 2758 290 2794 aPatribus
303 2771 355 2804 saepe
368 2766 451 2796 vocantur
470 2766 504 2794 not.
517 2761 533 2796 2.
