1765 2987
197 166 292 215 *iuueni
303 178 410 215 ansioni
423 180 453 216 no
466 167 619 218 nonromnun.
632 179 645 216 1.
765 181 808 225 235

251 404 293 439 AD
323 404 603 443 Potnunnt'ttnt.¹

106 502 201 556 ignatius,
214 499 262 555 ²qui
275 506 294 542 et
302 502 442 559 Theophorns,
452 504 570 559 Polycarpo,
585 503 681 558 episeopo
693 501 808 545 ³eoolesiae

136 572 303 626 Smyrnaeorum,
324 575 357 628 qni
373 575 417 629 ipse
432 575 498 628 polius
514 572 650 628 tepiscopum
668 575 728 615 habet
743 576 807 616 Deum

135 647 212 697 patrem
229 649 248 684 et
264 644 369 686 Dominum
384 646 453 686 lesum
471 646 581 697 Christum,
599 645 702 698 plurimam
718 645 806 686 salutem.

286 773 300 813 Ι.
330 773 390 814 Laus
406 779 425 814 et
441 772 571 814 adhortatio.

105 851 176 893 5Pium
194 858 280 895 mentem
297 859 362 907 luam,
385 855 440 897 velut
455 867 516 909 supra
532 859 608 908 petram
624 854 744 895 immobilem
760 853 809 895 lun-

47 924 117 976 datam,
134 926 275 977 comprobans,
291 926 372 966 suminis
389 927 455 968 eveho
470 926 574 978 laudibus,
591 923 664 979 6quod
681 926 809 979 ‹tignussim

45 995 124 1035 habitus
142 1000 210 1035 sanota
226 1000 259 1035 lna
277 991 358 1048 ⁷larcio,
380 993 439 1050 8qua
454 999 528 1038 utinam
544 1009 625 1050 semper
640 997 679 1037 frui
695 997 770 1049 possim
788 997 807 1037 in

45 1064 95 1106 Deo.
121 1064 212 1107 Obsecro
229 1070 249 1107 te
264 1078 300 1120 per
311 1067 401 1121 gratiam,
419 1064 476 1120 ⁹qua
497 1063 513 1090 ¹⁰
523 1066 603 1107 indutus
620 1078 649 1118 es,
665 1071 687 1106 ut
698 1064 719 1116 ,¹¹
731 1077 807 1120 augeas

46 1146 126 1175 onrsurn
141 1139 207 1189 tuum,
228 1148 339 1191 omnesque
355 1137 481 1189 adhorteris,
502 1141 524 1178 ut
542 1138 652 1179 salventur.
687 1134 806 1177 wettenae

44 1204 110 1246 locum
126 1209 180 1246 tuum
195 1207 279 1248 inomni
291 1219 337 1249 cura
350 1208 424 1249 carnali
436 1205 547 1263 (externa)
560 1212 580 1249 et
591 1207 693 1261 spirituali.
721 1207 806 1247 llnitatis

45 1287 113 1315 curam
128 1276 191 1329 habe,
208 1289 245 1331 qua
262 1277 310 1319 nihil
326 1278 402 1319 melius.
435 1277 510 1319 Omnes
525 1278 600 1331 perfer,
621 1283 642 1319 ut
660 1281 679 1318 et
695 1281 714 1317 te
730 1276 807 1330 perfert

44 1346 147 1387 Dominus.
179 1346 253 1389 Omnes
270 1348 335 1389 tolera
350 1348 370 1390 iu
387 1349 490 1400 charitate,
506 1349 557 1391 siunt
570 1354 590 1390 et
605 1348 660 1390 facis.
689 1345 705 1372 ¹³
713 1348 806 1388 Precilius

44 1429 94 1457 vaca
114 1419 223 1471 perpetuis.
256 1408 273 1443 ¹4
283 1419 364 1460 Postula
387 1420 504 1473 sapientiam
525 1419 633 1473 majorem,
658 1431 716 1471 quam
739 1417 807 1458 tratres.

45 1487 121 1542 Vigila,
151 1488 263 1530 insomnem
286 1487 310 1526 ,¹5
320 1490 410 1544 spiritum
439 1489 553 1543 possidens.
596 1489 683 1544 Singulis
714 1488 806 1542 loquere,

44 1654 108 1697 proto,
131 1641 298 1697 acrimoniarum.
326 1655 414 1686 Pnanson.
446 1652 476 1695 12)
490 1651 501 1684 l.
510 1662 525 1685 e.
535 1654 606 1698 defende
619 1653 736 1698 episcopalem
744 1652 805 1696 clipni-
856 1677 858 1680 ,

47 1709 81 1751 Tin
98 1709 115 1742 ἐν
135 1709 172 1754 Θεῷ
189 1708 259 1755 primum.
290 1709 343 1744 Simili
363 1710 414 1744 modo
433 1717 485 1746 tatem
497 1717 551 1746 tuom.
573 1710 620 1744 Hanc
632 1710 733 1744 sententiam
747 1709 805 1752 Syrus,

44 1768 119 1814 ignatius
138 1770 155 1802 in
174 1768 245 1814 epistola
263 1769 285 1802 ad
303 1768 353 1802 Rom.
369 1779 383 1801 c.
397 1768 413 1802 7.
433 1771 488 1803 minus
500 1779 537 1802 enm
550 1768 655 1813 intelligens,
668 1769 690 1801 ita
700 1770 760 1801 vertit:
774 1780 804 1803 aas

45 1827 112 1861 scribit:
127 1826 156 1869 riv
169 1826 189 1865 εἷς
202 1825 245 1859 Θεόν
257 1840 289 1869 μου
301 1827 371 1872 γνώμην.
433 1840 463 1863 reo
478 1829 570 1873 requires,
588 1839 632 1873 qnae
645 1829 752 1862 eorioerrinnt
765 1838 805 1861 oum

68 1887 87 1928 t)
100 1885 128 1920 So.
143 1884 193 1928 Θεὸν,
208 1886 254 1931 quod
267 1885 320 1929 Syrus
332 1885 380 1929 legit.
434 1888 481 1921 omni
496 1897 540 1921 arira
553 1887 637 1930 corporis
650 1890 666 1919 et
678 1887 753 1919 atrimae.

68 1945 87 1988 7)
108 1946 141 1977 Τοῦ
158 1942 246 1988 προσώπου
264 1956 297 1976 σου.
326 1943 415 1988 llunqnum
447 1944 476 1987 13)
494 1943 569 1989 ignatius
588 1943 608 1976 nd
627 1942 634 1976 l
650 1941 690 1976 Cor.
703 1944 724 1985 7,
738 1943 754 1976 5.
773 1953 804 1976 re-

45 2002 414 2048 igiturantevideratPolycarpumfeans.
434 2005 510 2048 spexisse
527 2002 602 2036 videtur:
625 1999 713 2044 σχολάζητε
785 2003 806 2042 τῇ

68 2061 88 2107 8]
102 2060 136 2097 Cn.
149 2063 204 2108 lpum.
218 2060 239 2095 ad
252 2055 315 2104 Ephes.
329 2071 343 2094 o.
357 2060 378 2103 2,
394 2060 415 2093 ad
434 2064 519 2104 προσευχῇ.
538 2057 804 2104 Syrusdilanieturoanonlogil.

23 2162 25 2164 v
45 2119 100 2165 lllagnr
113 2131 128 2153 c.
142 2120 153 2153 2
166 2125 183 2152 et
196 2118 224 2152 12,
243 2118 264 2152 ad
277 2118 325 2152 [tom.
339 2130 354 2166 o.
368 2119 384 2151 5.
446 2120 476 2162 ll)
489 2119 517 2152 tl'n
529 2118 582 2152 habet
597 2118 624 2151 hio
641 2117 689 2152 locus
706 2119 806 2152 rusticitatis

69 2179 87 2221 9]
106 2180 195 2213 Smitlriur
217 2182 276 2210 eontra
296 2176 415 2210 auctoritatem
434 2190 464 2213 sen
483 2179 602 2223 arrogantiae,
621 2182 639 2210 ut
656 2178 744 2212 ‘Dotloeus
762 2187 806 2209 oon-

45 2236 83 2270 lllsli
95 2237 143 2270 addit
153 2235 199 2276 Θεοῦ,
212 2235 258 2281 quod
271 2245 292 2268 ne
305 2234 349 2278 apud
358 2233 414 2268 Inter·
434 2237 521 2271 tendebat.
554 2235 637 2269 Fraterno
658 2239 722 2268 tantum
747 2244 806 2267 amore

45 2295 141 2340 potatorem
154 2286 222 2339 quidem
234 2292 312 2338 legimns.
435 2295 495 2329 ductus
516 2294 575 2328 heatus
596 2293 672 2338 ignatius
692 2292 806 2336 Polycarpum

58 2353 88 2398 10)
100 2350 199 2385 Ἐνὸἐὸυσαι.
221 2351 296 2385 lmitatur
308 2351 325 2385 S.
339 2352 415 2395 Paulum,
434 2365 483 2387 suum
495 2353 517 2386 ad
529 2351 620 2385 ecclesiam
628 2351 704 2385 studiose
713 2351 805 2384 fovendam

46 2413 75 2457 qui
83 2421 127 2445 uoce
139 2408 191 2443 ἒνδύω
204 2416 221 2443 et
234 2408 311 2452 ἒνὸὐομαι
323 2410 417 2445 hoosensu
435 2424 455 2446 ac
467 2422 529 2457 preces
543 2410 611 2444 assidue
624 2409 720 2442 fundendas
730 2408 805 2441 hortatus

46 2480 99 2514 saepe
117 2471 180 2512 utitur,
200 2479 215 2502 e.
232 2479 249 2513 g.
267 2467 330 2513 Ephes.
347 2469 369 2513 6,
389 2470 415 2503 14.
435 2476 466 2504 est.
485 2473 618 2503 Diisrrnmrom

47 2525 84 2561 Col.
98 2528 115 2570 3,
129 2527 156 2560 12.
176 2529 239 2560 Ponam.
447 2529 477 2573 15]
491 2528 540 2573 rlpnd
554 2529 695 2569 Duumseemun,
714 2525 743 2569 qui
760 2523 805 2558 hunc

59 2585 88 2628 ll)
105 2586 204 2629 Ilpooffaiuur
221 2586 246 2626 τῷ
263 2582 323 2630 δρόμῳ,
352 2586 416 2620 Similia
434 2586 490 2620 locum
508 2587 558 2626 citat,
577 2584 638 2628 legitur
651 2580 740 2624 o'aottoprov
752 2578 804 2623 ὄμμα,

46 2644 63 2676 in
77 2643 94 2678 S.
107 2643 194 2688 Scriptura
205 2642 287 2687 legimus:
305 2644 375 2687 rzip—potr
387 2642 417 2676 τὸν
435 2644 480 2689 quod
493 2643 538 2676 idem
552 2647 593 2684 ests
605 2640 684 2685 intelligit
701 2641 746 2674 enim
758 2636 806 2681 ὄμμα

46 2698 113 2741 δρόμον,
136 2690 173 2735 Aci.
193 2699 224 2743 13,
244 2700 272 2734 25.
296 2702 367 2734 τελειοῦν
387 2700 417 2734 τόν
434 2702 528 2744 appulis.
541 2703 604 2734 PEARS.
625 2699 678 2741 syrus
691 2710 728 2733 oum
741 2709 805 2745 graeco

47 2755 113 2804 δρόμον.
133 2758 170 2793 Aet.
183 2758 212 2802 20,
225 2758 253 2792 24.
269 2757 284 2793 lI
296 2758 338 2794 Tim.
350 2760 368 2804 4,
382 2760 397 2793 7.
434 2764 481 2794 textu
493 2763 552 2799 nostro
566 2758 607 2803 legit
620 2758 690 2801 πνεῦμα4
