<?xml version="1.0" encoding="UTF-8"?>
<!DOCTYPE html PUBLIC "-//W3C//DTD XHTML 1.0 Transitional//EN"
    "http://www.w3.org/TR/xhtml1/DTD/xhtml1-transitional.dtd">
<html xmlns="http://www.w3.org/1999/xhtml" xml:lang="en" lang="en">
 <head>
  <title>
</title>
<meta http-equiv="Content-Type" content="text/html;charset=utf-8" />
  <meta name='ocr-system' content='tesseract 3.04.00' />
  <meta name='ocr-capabilities' content='ocr_page ocr_carea ocr_par ocr_line ocrx_word'/>
</head>
<body>
  <div class='ocr_page' id='page_1' title='image "MN40298ucmf_0_0031.png"; bbox 0 0 1765 2987; ppageno 0'>
   <div class='ocr_carea' id='block_1_1' title="bbox 202 725 581 807">
    <p class='ocr_par' dir='ltr' id='par_1_1' title="bbox 202 725 581 807">
     <span class='ocr_line' id='line_1_1' title="bbox 202 725 581 807; baseline -0.008 0"><span class='ocrx_word' id='word_1_1' title='bbox 202 725 581 807; x_wconf 79' lang='lat' dir='ltr'>rnotdbottdtta.</span> 
     </span>
    </p>
   </div>
   <div class='ocr_carea' id='block_1_2' title="bbox 131 983 646 1041">
    <p class='ocr_par' dir='ltr' id='par_1_2' title="bbox 131 983 646 1041">
     <span class='ocr_line' id='line_1_2' title="bbox 131 983 646 1041; baseline 0.002 -2"><span class='ocrx_word' id='word_1_2' title='bbox 131 988 147 1041; x_wconf 89' lang='lat' dir='ltr'>i.</span> <span class='ocrx_word' id='word_1_3' title='bbox 183 986 226 1039; x_wconf 85' lang='lat' dir='ltr'>DE</span> <span class='ocrx_word' id='word_1_4' title='bbox 251 983 426 1038; x_wconf 77' lang='lat' dir='ltr'>trittbtr</span> <span class='ocrx_word' id='word_1_5' title='bbox 449 985 646 1040; x_wconf 79' lang='lat' dir='ltr'>tranabat.</span> 
     </span>
    </p>
   </div>
   <div class='ocr_carea' id='block_1_3' title="bbox 8 1102 776 2676">
    <p class='ocr_par' dir='ltr' id='par_1_3' title="bbox 8 1102 770 1368">
     <span class='ocr_line' id='line_1_3' title="bbox 67 1102 769 1158; baseline -0.006 -11"><span class='ocrx_word' id='word_1_6' title='bbox 67 1107 80 1147; x_wconf 88' lang='lat'>1.</span> <span class='ocrx_word' id='word_1_7' title='bbox 110 1105 164 1146; x_wconf 84' lang='lat' dir='ltr'>Inter</span> <span class='ocrx_word' id='word_1_8' title='bbox 180 1102 199 1147; x_wconf 86' lang='lat' dir='ltr'>S.</span> <span class='ocrx_word' id='word_1_9' title='bbox 215 1103 269 1145; x_wconf 83' lang='lat' dir='ltr'>Pauli</span> <span class='ocrx_word' id='word_1_10' title='bbox 290 1102 358 1145; x_wconf 84' lang='lat' dir='ltr'>socios</span> <span class='ocrx_word' id='word_1_11' title='bbox 380 1107 400 1143; x_wconf 84' lang='lat' dir='ltr'>et</span> <span class='ocrx_word' id='word_1_12' title='bbox 422 1103 550 1158; x_wconf 78' lang='lat' dir='ltr'>coadjutores</span> <span class='ocrx_word' id='word_1_13' title='bbox 571 1102 634 1145; x_wconf 86' lang='lat' dir='ltr'>Joses</span> <span class='ocrx_word' id='word_1_14' title='bbox 654 1102 769 1144; x_wconf 75' lang='lat' dir='ltr'><strong><em>Barnabas</em></strong></span> 
     </span>
     <span class='ocr_line' id='line_1_4' title="bbox 9 1172 770 1228; baseline -0.004 -12"><span class='ocrx_word' id='word_1_15' title='bbox 9 1176 89 1228; x_wconf 88' lang='lat' dir='ltr'>eminet,</span> <span class='ocrx_word' id='word_1_16' title='bbox 105 1175 125 1214; x_wconf 91' lang='lat' dir='ltr'>in</span> <span class='ocrx_word' id='word_1_17' title='bbox 136 1174 202 1227; x_wconf 69' lang='lat' dir='ltr'>quro</span> <span class='ocrx_word' id='word_1_18' title='bbox 218 1178 283 1225; x_wconf 85' lang='lat' dir='ltr'>natus,</span> <span class='ocrx_word' id='word_1_19' title='bbox 299 1184 376 1227; x_wconf 84' lang='lat' dir='ltr'>genere</span> <span class='ocrx_word' id='word_1_20' title='bbox 387 1172 478 1214; x_wconf 80' lang='lat' dir='ltr'>budaeus</span> <span class='ocrx_word' id='word_1_21' title='bbox 494 1178 514 1214; x_wconf 86' lang='lat' dir='ltr'>et</span> <span class='ocrx_word' id='word_1_22' title='bbox 524 1174 600 1226; x_wconf 88' lang='lat' dir='ltr'>Levita,</span> <span class='ocrx_word' id='word_1_23' title='bbox 617 1175 651 1227; x_wconf 92' lang='lat' dir='ltr'>qui</span> <span class='ocrx_word' id='word_1_24' title='bbox 667 1173 770 1214; x_wconf 84' lang='lat' dir='ltr'>christiani</span> 
     </span>
     <span class='ocr_line' id='line_1_5' title="bbox 9 1243 769 1303; baseline -0.004 -17"><span class='ocrx_word' id='word_1_25' title='bbox 9 1246 82 1286; x_wconf 89' lang='lat' dir='ltr'>amoris</span> <span class='ocrx_word' id='word_1_26' title='bbox 103 1244 186 1285; x_wconf 84' lang='lat' dir='ltr'>fervore</span> <span class='ocrx_word' id='word_1_27' title='bbox 205 1248 271 1303; x_wconf 84' lang='lat' dir='ltr'>motus</span> <span class='ocrx_word' id='word_1_28' title='bbox 291 1256 361 1297; x_wconf 81' lang='lat' dir='ltr'>agrum</span> <span class='ocrx_word' id='word_1_29' title='bbox 380 1255 438 1284; x_wconf 88' lang='lat' dir='ltr'>suurn</span> <span class='ocrx_word' id='word_1_30' title='bbox 457 1243 558 1296; x_wconf 90' lang='lat' dir='ltr'>vendidit,</span> <span class='ocrx_word' id='word_1_31' title='bbox 580 1245 707 1298; x_wconf 74' lang='lat' dir='ltr'>pretiumque</span> <span class='ocrx_word' id='word_1_32' title='bbox 723 1247 769 1284; x_wconf 90' lang='lat' dir='ltr'>ante</span> 
     </span>
     <span class='ocr_line' id='line_1_6' title="bbox 8 1311 484 1368; baseline -0.004 -13"><span class='ocrx_word' id='word_1_33' title='bbox 8 1314 72 1368; x_wconf 87' lang='lat' dir='ltr'>pedes</span> <span class='ocrx_word' id='word_1_34' title='bbox 87 1313 233 1367; x_wconf 66' lang='lat' dir='ltr'>Apostolorum</span> <span class='ocrx_word' id='word_1_35' title='bbox 249 1313 322 1367; x_wconf 85' lang='lat' dir='ltr'>posuit.</span> <span class='ocrx_word' id='word_1_36' title='bbox 353 1312 396 1354; x_wconf 91' lang='lat' dir='ltr'>Act.</span> <span class='ocrx_word' id='word_1_37' title='bbox 412 1311 433 1364; x_wconf 76' lang='grc'>4,</span> <span class='ocrx_word' id='word_1_38' title='bbox 450 1311 484 1355; x_wconf 75' lang='lat'>37.</span> 
     </span>
    </p>

    <p class='ocr_par' dir='ltr' id='par_1_4' title="bbox 8 1382 776 2220">
     <span class='ocr_line' id='line_1_7' title="bbox 67 1382 776 1437; baseline 0.003 -12"><span class='ocrx_word' id='word_1_39' title='bbox 67 1385 157 1425; x_wconf 86' lang='lat' dir='ltr'>Numero</span> <span class='ocrx_word' id='word_1_40' title='bbox 173 1383 228 1424; x_wconf 85' lang='lat' dir='ltr'>LXX</span> <span class='ocrx_word' id='word_1_41' title='bbox 243 1383 385 1436; x_wconf 89' lang='lat' dir='ltr'>discipulorum</span> <span class='ocrx_word' id='word_1_42' title='bbox 402 1383 476 1424; x_wconf 78' lang='lat' dir='ltr'>Christi</span> <span class='ocrx_word' id='word_1_43' title='bbox 492 1395 537 1424; x_wconf 88' lang='lat' dir='ltr'>eum</span> <span class='ocrx_word' id='word_1_44' title='bbox 557 1382 621 1424; x_wconf 89' lang='lat' dir='ltr'>fuisse</span> <span class='ocrx_word' id='word_1_45' title='bbox 641 1382 776 1437; x_wconf 79' lang='lat' dir='ltr'>adscriptum,</span> 
     </span>
     <span class='ocr_line' id='line_1_8' title="bbox 10 1451 771 1508; baseline -0.001 -13"><span class='ocrx_word' id='word_1_46' title='bbox 10 1458 90 1495; x_wconf 85' lang='lat' dir='ltr'>veteres</span> <span class='ocrx_word' id='word_1_47' title='bbox 106 1465 147 1495; x_wconf 89' lang='lat' dir='ltr'>non</span> <span class='ocrx_word' id='word_1_48' title='bbox 163 1455 240 1495; x_wconf 89' lang='lat' dir='ltr'>absone</span> <span class='ocrx_word' id='word_1_49' title='bbox 255 1452 335 1494; x_wconf 91' lang='lat' dir='ltr'>tradunt</span> <span class='ocrx_word' id='word_1_50' title='bbox 349 1451 374 1508; x_wconf 75' lang='lat'>¹),</span> <span class='ocrx_word' id='word_1_51' title='bbox 393 1466 504 1507; x_wconf 86' lang='lat' dir='ltr'>eorumque</span> <span class='ocrx_word' id='word_1_52' title='bbox 519 1454 657 1504; x_wconf 78' lang='lat' dir='ltr'>narrationem</span> <span class='ocrx_word' id='word_1_53' title='bbox 673 1454 697 1494; x_wconf 90' lang='lat' dir='ltr'>ad</span> <span class='ocrx_word' id='word_1_54' title='bbox 713 1454 771 1494; x_wconf 86' lang='lat' dir='ltr'>reri-</span> 
     </span>
     <span class='ocr_line' id='line_1_9' title="bbox 9 1523 771 1579; baseline -0.001 -14"><span class='ocrx_word' id='word_1_55' title='bbox 9 1528 69 1565; x_wconf 84' lang='lat' dir='ltr'>tatem</span> <span class='ocrx_word' id='word_1_56' title='bbox 91 1524 190 1566; x_wconf 83' lang='lat' dir='ltr'>accedere</span> <span class='ocrx_word' id='word_1_57' title='bbox 211 1525 336 1565; x_wconf 84' lang='lat' dir='ltr'>recentiores</span> <span class='ocrx_word' id='word_1_58' title='bbox 356 1536 397 1565; x_wconf 91' lang='lat' dir='ltr'>non</span> <span class='ocrx_word' id='word_1_59' title='bbox 419 1524 499 1565; x_wconf 87' lang='lat' dir='ltr'>incaute</span> <span class='ocrx_word' id='word_1_60' title='bbox 522 1523 612 1564; x_wconf 90' lang='lat' dir='ltr'>creduut.</span> <span class='ocrx_word' id='word_1_61' title='bbox 652 1523 771 1579; x_wconf 83' lang='lat' dir='ltr'>Cognomen</span> 
     </span>
     <span class='ocr_line' id='line_1_10' title="bbox 8 1592 770 1647; baseline 0.001 -13"><span class='ocrx_word' id='word_1_62' title='bbox 8 1594 137 1645; x_wconf 82' lang='lat' dir='ltr'>Barnabae,</span> <span class='ocrx_word' id='word_1_63' title='bbox 160 1598 211 1635; x_wconf 80' lang='lat' dir='ltr'>teste</span> <span class='ocrx_word' id='word_1_64' title='bbox 232 1593 251 1636; x_wconf 87' lang='lat' dir='ltr'>S.</span> <span class='ocrx_word' id='word_1_65' title='bbox 268 1593 370 1647; x_wconf 85' lang='lat' dir='ltr'>Scriptura</span> <span class='ocrx_word' id='word_1_66' title='bbox 392 1595 415 1634; x_wconf 86' lang='lat' dir='ltr'>ab</span> <span class='ocrx_word' id='word_1_67' title='bbox 432 1592 536 1646; x_wconf 89' lang='lat' dir='ltr'>Apostolis</span> <span class='ocrx_word' id='word_1_68' title='bbox 551 1593 627 1634; x_wconf 89' lang='lat' dir='ltr'>Nostro</span> <span class='ocrx_word' id='word_1_69' title='bbox 648 1594 770 1646; x_wconf 84' lang='lat' dir='ltr'>impositum,</span> 
     </span>
     <span class='ocr_line' id='line_1_11' title="bbox 9 1663 770 1723; baseline -0.001 -19"><span class='ocrx_word' id='word_1_70' title='bbox 9 1663 62 1705; x_wconf 87' lang='lat' dir='ltr'>idem</span> <span class='ocrx_word' id='word_1_71' title='bbox 83 1676 130 1706; x_wconf 90' lang='lat' dir='ltr'>esse</span> <span class='ocrx_word' id='word_1_72' title='bbox 150 1664 203 1718; x_wconf 90' lang='lat' dir='ltr'>quod</span> <span class='ocrx_word' id='word_1_73' title='bbox 224 1670 289 1723; x_wconf 59' lang='lat' dir='ltr'>nram</span> <span class='ocrx_word' id='word_1_74' title='bbox 308 1672 337 1713; x_wconf 64' lang='grc'>’13</span> <span class='ocrx_word' id='word_1_75' title='bbox 358 1675 406 1704; x_wconf 89' lang='lat' dir='ltr'>seu:</span> <span class='ocrx_word' id='word_1_76' title='bbox 427 1663 495 1714; x_wconf 70' lang='lat' dir='ltr'>titiant</span> <span class='ocrx_word' id='word_1_77' title='bbox 514 1663 622 1704; x_wconf 84' lang='lat' dir='ltr'>arationis</span> <span class='ocrx_word' id='word_1_78' title='bbox 643 1664 770 1715; x_wconf 78' lang='lat' dir='ltr'>inspiratae,</span> 
     </span>
     <span class='ocr_line' id='line_1_12' title="bbox 10 1736 770 1801; baseline 0 -15"><span class='ocrx_word' id='word_1_79' title='bbox 10 1758 36 1786; x_wconf 85' lang='lat' dir='ltr'>ex</span> <span class='ocrx_word' id='word_1_80' title='bbox 51 1746 146 1787; x_wconf 88' lang='lat' dir='ltr'>versione</span> <span class='ocrx_word' id='word_1_81' title='bbox 162 1744 181 1787; x_wconf 85' lang='lat' dir='ltr'>S.</span> <span class='ocrx_word' id='word_1_82' title='bbox 197 1744 264 1786; x_wconf 86' lang='lat' dir='ltr'>Lucae</span> <span class='ocrx_word' id='word_1_83' title='bbox 279 1744 323 1786; x_wconf 88' lang='lat' dir='ltr'>Act.</span> <span class='ocrx_word' id='word_1_84' title='bbox 341 1741 361 1796; x_wconf 70' lang='lat' dir='ltr'>ti,</span> <span class='ocrx_word' id='word_1_85' title='bbox 378 1742 417 1786; x_wconf 84' lang='lat'>36:</span> <span class='ocrx_word' id='word_1_86' title='bbox 434 1740 482 1792; x_wconf 77' lang='grc' dir='ltr'><em>υἱός</em></span> <span class='ocrx_word' id='word_1_87' title='bbox 497 1736 651 1801; x_wconf 75' lang='grc' dir='ltr'><em>παρακλήσεως</em></span> <span class='ocrx_word' id='word_1_88' title='bbox 666 1746 715 1786; x_wconf 85' lang='lat' dir='ltr'>satis</span> <span class='ocrx_word' id='word_1_89' title='bbox 732 1744 770 1801; x_wconf 70' lang='lat' dir='ltr'>ad7</span> 
     </span>
     <span class='ocr_line' id='line_1_13' title="bbox 9 1812 770 1870; baseline 0 -15"><span class='ocrx_word' id='word_1_90' title='bbox 9 1819 67 1870; x_wconf 81' lang='lat' dir='ltr'>paret</span> <span class='ocrx_word' id='word_1_91' title='bbox 78 1813 105 1869; x_wconf 55' lang='grc' dir='ltr'>Ἰ),</span> <span class='ocrx_word' id='word_1_92' title='bbox 136 1814 203 1855; x_wconf 86' lang='lat' dir='ltr'>Josea</span> <span class='ocrx_word' id='word_1_93' title='bbox 218 1815 339 1856; x_wconf 83' lang='lat' dir='ltr'>Barnabara</span> <span class='ocrx_word' id='word_1_94' title='bbox 357 1827 369 1855; x_wconf 84' lang='lat' dir='ltr'>a</span> <span class='ocrx_word' id='word_1_95' title='bbox 384 1814 478 1866; x_wconf 84' lang='lat' dir='ltr'>Josepbo</span> <span class='ocrx_word' id='word_1_96' title='bbox 494 1813 595 1855; x_wconf 85' lang='lat' dir='ltr'>Barsaba</span> <span class='ocrx_word' id='word_1_97' title='bbox 611 1812 668 1868; x_wconf 81' lang='lat' dir='ltr'>(Act.</span> <span class='ocrx_word' id='word_1_98' title='bbox 686 1813 705 1866; x_wconf 85' lang='grc'>1,</span> <span class='ocrx_word' id='word_1_99' title='bbox 722 1813 770 1869; x_wconf 81' lang='lat'>23.)</span> 
     </span>
     <span class='ocr_line' id='line_1_14' title="bbox 9 1884 770 1939; baseline 0.001 -14"><span class='ocrx_word' id='word_1_100' title='bbox 9 1897 50 1926; x_wconf 88' lang='lat' dir='ltr'>non</span> <span class='ocrx_word' id='word_1_101' title='bbox 67 1896 114 1926; x_wconf 88' lang='lat' dir='ltr'>esse</span> <span class='ocrx_word' id='word_1_102' title='bbox 131 1884 299 1939; x_wconf 82' lang='lat' dir='ltr'>distinguendum,</span> <span class='ocrx_word' id='word_1_103' title='bbox 319 1889 339 1926; x_wconf 89' lang='lat' dir='ltr'>et</span> <span class='ocrx_word' id='word_1_104' title='bbox 353 1889 460 1938; x_wconf 88' lang='lat' dir='ltr'>utrumque</span> <span class='ocrx_word' id='word_1_105' title='bbox 475 1898 550 1927; x_wconf 88' lang='lat' dir='ltr'>nomen</span> <span class='ocrx_word' id='word_1_106' title='bbox 566 1884 656 1926; x_wconf 84' lang='lat' dir='ltr'>eamdem</span> <span class='ocrx_word' id='word_1_107' title='bbox 673 1885 770 1927; x_wconf 87' lang='lat' dir='ltr'>denotare</span> 
     </span>
     <span class='ocr_line' id='line_1_15' title="bbox 10 1954 771 2010; baseline 0 -15"><span class='ocrx_word' id='word_1_108' title='bbox 10 1967 123 2010; x_wconf 89' lang='lat' dir='ltr'>personam,</span> <span class='ocrx_word' id='word_1_109' title='bbox 139 1955 213 1996; x_wconf 89' lang='lat' dir='ltr'>nostris</span> <span class='ocrx_word' id='word_1_110' title='bbox 229 1956 353 2009; x_wconf 84' lang='lat' dir='ltr'>temporibus</span> <span class='ocrx_word' id='word_1_111' title='bbox 366 1955 489 1996; x_wconf 88' lang='lat' dir='ltr'>Uttmaaaas</span> <span class='ocrx_word' id='word_1_112' title='bbox 501 1954 522 2010; x_wconf 79' lang='lat'>³]</span> <span class='ocrx_word' id='word_1_113' title='bbox 539 1960 559 1997; x_wconf 87' lang='lat' dir='ltr'>et</span> <span class='ocrx_word' id='word_1_114' title='bbox 574 1955 607 1996; x_wconf 85' lang='lat' dir='ltr'>aiii</span> <span class='ocrx_word' id='word_1_115' title='bbox 621 1955 709 2009; x_wconf 88' lang='lat' dir='ltr'>probare</span> <span class='ocrx_word' id='word_1_116' title='bbox 725 1960 771 1996; x_wconf 90' lang='lat' dir='ltr'>stu-</span> 
     </span>
     <span class='ocr_line' id='line_1_16' title="bbox 11 2025 771 2080; baseline -0.001 -13"><span class='ocrx_word' id='word_1_117' title='bbox 11 2025 94 2077; x_wconf 88' lang='lat' dir='ltr'>debant,</span> <span class='ocrx_word' id='word_1_118' title='bbox 116 2025 200 2066; x_wconf 86' lang='lat' dir='ltr'>aliorum</span> <span class='ocrx_word' id='word_1_119' title='bbox 216 2037 301 2067; x_wconf 87' lang='lat' dir='ltr'>assensu</span> <span class='ocrx_word' id='word_1_120' title='bbox 321 2026 420 2079; x_wconf 89' lang='lat' dir='ltr'>destituti,</span> <span class='ocrx_word' id='word_1_121' title='bbox 442 2027 536 2080; x_wconf 82' lang='lat' dir='ltr'>beneque</span> <span class='ocrx_word' id='word_1_122' title='bbox 551 2026 706 2068; x_wconf 85' lang='lat' dir='ltr'>reclamantibus</span> <span class='ocrx_word' id='word_1_123' title='bbox 722 2026 771 2067; x_wconf 91' lang='lat' dir='ltr'>viris</span> 
     </span>
     <span class='ocr_line' id='line_1_17' title="bbox 11 2094 771 2153; baseline -0.003 -16"><span class='ocrx_word' id='word_1_124' title='bbox 11 2095 131 2137; x_wconf 87' lang='lat' dir='ltr'>doctissimis</span> <span class='ocrx_word' id='word_1_125' title='bbox 146 2095 177 2136; x_wconf 86' lang='lat' dir='ltr'>De</span> <span class='ocrx_word' id='word_1_126' title='bbox 193 2096 261 2137; x_wconf 88' lang='lat' dir='ltr'>Wette</span> <span class='ocrx_word' id='word_1_127' title='bbox 272 2094 306 2152; x_wconf 68' lang='lat'>⁴),</span> <span class='ocrx_word' id='word_1_128' title='bbox 329 2096 443 2139; x_wconf 89' lang='lat' dir='ltr'>Olshausen</span> <span class='ocrx_word' id='word_1_129' title='bbox 455 2094 476 2152; x_wconf 80' lang='lat'>⁵)</span> <span class='ocrx_word' id='word_1_130' title='bbox 494 2100 514 2137; x_wconf 82' lang='lat' dir='ltr'>ct</span> <span class='ocrx_word' id='word_1_131' title='bbox 528 2097 600 2138; x_wconf 87' lang='lat' dir='ltr'>Winer</span> <span class='ocrx_word' id='word_1_132' title='bbox 611 2094 640 2153; x_wconf 77' lang='grc'>6).</span> <span class='ocrx_word' id='word_1_133' title='bbox 670 2096 729 2137; x_wconf 90' lang='lat' dir='ltr'>Plura</span> <span class='ocrx_word' id='word_1_134' title='bbox 745 2095 771 2136; x_wconf 85' lang='lat' dir='ltr'>de</span> 
     </span>
     <span class='ocr_line' id='line_1_18' title="bbox 10 2164 770 2220; baseline -0.001 -13"><span class='ocrx_word' id='word_1_135' title='bbox 10 2166 50 2208; x_wconf 88' lang='lat' dir='ltr'>vita</span> <span class='ocrx_word' id='word_1_136' title='bbox 67 2169 85 2206; x_wconf 90' lang='lat' dir='ltr'>et</span> <span class='ocrx_word' id='word_1_137' title='bbox 100 2164 204 2206; x_wconf 89' lang='lat' dir='ltr'>iaboribus</span> <span class='ocrx_word' id='word_1_138' title='bbox 219 2165 323 2208; x_wconf 75' lang='lat' dir='ltr'>barnabae</span> <span class='ocrx_word' id='word_1_139' title='bbox 338 2167 454 2220; x_wconf 85' lang='lat' dir='ltr'>apostolicis</span> <span class='ocrx_word' id='word_1_140' title='bbox 475 2167 533 2209; x_wconf 90' lang='lat' dir='ltr'>nobis</span> <span class='ocrx_word' id='word_1_141' title='bbox 549 2166 629 2209; x_wconf 88' lang='lat' dir='ltr'>tradunt</span> <span class='ocrx_word' id='word_1_142' title='bbox 644 2167 690 2208; x_wconf 93' lang='lat' dir='ltr'>libri</span> <span class='ocrx_word' id='word_1_143' title='bbox 706 2166 770 2207; x_wconf 88' lang='lat' dir='ltr'>sacri:</span> 
     </span>
    </p>

    <p class='ocr_par' dir='ltr' id='par_1_5' title="bbox 11 2232 771 2676">
     <span class='ocr_line' id='line_1_19' title="bbox 55 2232 771 2291; baseline 0 -15"><span class='ocrx_word' id='word_1_144' title='bbox 55 2233 79 2291; x_wconf 82' lang='lat' dir='ltr'>a]</span> <span class='ocrx_word' id='word_1_145' title='bbox 97 2234 140 2277; x_wconf 88' lang='lat' dir='ltr'>Act.</span> <span class='ocrx_word' id='word_1_146' title='bbox 153 2234 172 2288; x_wconf 80' lang='lat'>9,</span> <span class='ocrx_word' id='word_1_147' title='bbox 185 2232 219 2278; x_wconf 77' lang='lat'>26.</span> <span class='ocrx_word' id='word_1_148' title='bbox 231 2234 277 2278; x_wconf 70' lang='lat' dir='ltr'>bt:</span> <span class='ocrx_word' id='word_1_149' title='bbox 293 2237 374 2279; x_wconf 84' lang='lat' dir='ltr'>Paulum</span> <span class='ocrx_word' id='word_1_150' title='bbox 386 2249 507 2279; x_wconf 88' lang='lat' dir='ltr'>conversum</span> <span class='ocrx_word' id='word_1_151' title='bbox 517 2237 593 2291; x_wconf 90' lang='lat' dir='ltr'>primus</span> <span class='ocrx_word' id='word_1_152' title='bbox 604 2236 706 2281; x_wconf 84' lang='lat' dir='ltr'>Barnabas</span> <span class='ocrx_word' id='word_1_153' title='bbox 718 2237 771 2277; x_wconf 89' lang='lat' dir='ltr'>circa</span> 
     </span>
     <span class='ocr_line' id='line_1_20' title="bbox 100 2303 770 2361; baseline -0.001 -14"><span class='ocrx_word' id='word_1_154' title='bbox 100 2318 144 2347; x_wconf 87' lang='lat' dir='ltr'>ann.</span> <span class='ocrx_word' id='word_1_155' title='bbox 155 2303 184 2348; x_wconf 76' lang='lat' dir='ltr'>ab</span> <span class='ocrx_word' id='word_1_156' title='bbox 195 2319 213 2360; x_wconf 92' lang='lat' dir='ltr'>p.</span> <span class='ocrx_word' id='word_1_157' title='bbox 225 2307 260 2348; x_wconf 86' lang='lat' dir='ltr'>Cb.</span> <span class='ocrx_word' id='word_1_158' title='bbox 271 2307 381 2361; x_wconf 79' lang='lat' dir='ltr'>Apostolis,</span> <span class='ocrx_word' id='word_1_159' title='bbox 397 2307 461 2349; x_wconf 88' lang='lat' dir='ltr'>adbuc</span> <span class='ocrx_word' id='word_1_160' title='bbox 476 2308 530 2348; x_wconf 94' lang='lat' dir='ltr'>illum</span> <span class='ocrx_word' id='word_1_161' title='bbox 545 2307 666 2359; x_wconf 70' lang='lat' dir='ltr'>timentibus</span> <span class='ocrx_word' id='word_1_162' title='bbox 682 2306 770 2348; x_wconf 89' lang='lat' dir='ltr'>adduxit.</span> 
     </span>
     <span class='ocr_line' id='line_1_21' title="bbox 35 2397 770 2442; baseline 0 -12"><span class='ocrx_word' id='word_1_163' title='bbox 35 2397 54 2440; x_wconf 80' lang='lat' dir='ltr'>t)</span> <span class='ocrx_word' id='word_1_164' title='bbox 67 2399 120 2433; x_wconf 75' lang='lat' dir='ltr'>atam.</span> <span class='ocrx_word' id='word_1_165' title='bbox 129 2399 180 2433; x_wconf 79' lang='lat' dir='ltr'>Alea.</span> <span class='ocrx_word' id='word_1_166' title='bbox 189 2397 250 2432; x_wconf 83' lang='lat' dir='ltr'>strom.</span> <span class='ocrx_word' id='word_1_167' title='bbox 257 2397 294 2433; x_wconf 90' lang='lat' dir='ltr'>Lib.</span> <span class='ocrx_word' id='word_1_168' title='bbox 301 2399 322 2434; x_wconf 88' lang='lat' dir='ltr'>lt.</span> <span class='ocrx_word' id='word_1_169' title='bbox 330 2411 345 2434; x_wconf 81' lang='lat' dir='ltr'>c.</span> <span class='ocrx_word' id='word_1_170' title='bbox 352 2400 380 2433; x_wconf 81' lang='lat'>20.</span> <span class='ocrx_word' id='word_1_171' title='bbox 424 2399 444 2442; x_wconf 85' lang='lat'>3)</span> <span class='ocrx_word' id='word_1_172' title='bbox 458 2398 529 2433; x_wconf 87' lang='lat' dir='ltr'>Studien</span> <span class='ocrx_word' id='word_1_173' title='bbox 538 2410 555 2433; x_wconf 87' lang='lat' dir='ltr'>u.</span> <span class='ocrx_word' id='word_1_174' title='bbox 564 2398 642 2433; x_wconf 75' lang='lat' dir='ltr'>Kritilren</span> <span class='ocrx_word' id='word_1_175' title='bbox 650 2398 701 2433; x_wconf 78' lang='lat'>1828.</span> <span class='ocrx_word' id='word_1_176' title='bbox 710 2409 727 2442; x_wconf 89' lang='lat' dir='ltr'>p.</span> <span class='ocrx_word' id='word_1_177' title='bbox 736 2397 770 2431; x_wconf 79' lang='lat'>377</span> 
     </span>
     <span class='ocr_line' id='line_1_22' title="bbox 11 2450 437 2504; baseline 0.005 -15"><span class='ocrx_word' id='word_1_178' title='bbox 11 2467 28 2500; x_wconf 91' lang='lat' dir='ltr'>p.</span> <span class='ocrx_word' id='word_1_179' title='bbox 41 2455 75 2489; x_wconf 83' lang='grc'>489</span> <span class='ocrx_word' id='word_1_180' title='bbox 93 2454 120 2490; x_wconf 92' lang='lat' dir='ltr'>ed.</span> <span class='ocrx_word' id='word_1_181' title='bbox 136 2454 180 2490; x_wconf 74' lang='lat' dir='ltr'>Pau.</span> <span class='ocrx_word' id='word_1_182' title='bbox 195 2455 257 2492; x_wconf 78' lang='lat' dir='ltr'>Venet.</span> <span class='ocrx_word' id='word_1_183' title='bbox 281 2450 347 2494; x_wconf 81' lang='lat' dir='ltr'>Eascb.</span> <span class='ocrx_word' id='word_1_184' title='bbox 361 2457 381 2492; x_wconf 89' lang='lat' dir='ltr'>H.</span> <span class='ocrx_word' id='word_1_185' title='bbox 400 2469 437 2504; x_wconf 85' lang='lat' dir='ltr'>sqq.</span> 
     </span>
     <span class='ocr_line' id='line_1_23' title="bbox 11 2512 770 2561; baseline -0.001 -14"><span class='ocrx_word' id='word_1_186' title='bbox 11 2512 32 2547; x_wconf 84' lang='lat' dir='ltr'>E.</span> <span class='ocrx_word' id='word_1_187' title='bbox 45 2513 57 2556; x_wconf 86' lang='lat' dir='ltr'>i,</span> <span class='ocrx_word' id='word_1_188' title='bbox 72 2513 99 2546; x_wconf 85' lang='lat'>12.</span> <span class='ocrx_word' id='word_1_189' title='bbox 122 2516 209 2561; x_wconf 77' lang='lat' dir='ltr'>Epipbarr.</span> <span class='ocrx_word' id='word_1_190' title='bbox 222 2515 270 2549; x_wconf 87' lang='lat' dir='ltr'>haer.</span> <span class='ocrx_word' id='word_1_191' title='bbox 284 2515 312 2559; x_wconf 87' lang='lat'>20,</span> <span class='ocrx_word' id='word_1_192' title='bbox 326 2516 342 2551; x_wconf 84' lang='grc'>4.</span> <span class='ocrx_word' id='word_1_193' title='bbox 423 2516 443 2560; x_wconf 81' lang='grc'>4)</span> <span class='ocrx_word' id='word_1_194' title='bbox 456 2515 512 2549; x_wconf 85' lang='lat' dir='ltr'>Kurze</span> <span class='ocrx_word' id='word_1_195' title='bbox 530 2515 627 2560; x_wconf 78' lang='lat' dir='ltr'>Erkitiruug</span> <span class='ocrx_word' id='word_1_196' title='bbox 644 2514 675 2548; x_wconf 87' lang='lat' dir='ltr'>dcr</span> <span class='ocrx_word' id='word_1_197' title='bbox 686 2512 770 2557; x_wconf 81' lang='lat' dir='ltr'>Apostei-</span> 
     </span>
     <span class='ocr_line' id='line_1_24' title="bbox 36 2570 743 2620; baseline 0 -16"><span class='ocrx_word' id='word_1_198' title='bbox 36 2571 55 2615; x_wconf 81' lang='lat'>2]</span> <span class='ocrx_word' id='word_1_199' title='bbox 68 2570 158 2605; x_wconf 80' lang='lat' dir='ltr'>Dehacre</span> <span class='ocrx_word' id='word_1_200' title='bbox 168 2571 382 2616; x_wconf 76' lang='lat' dir='ltr'>disputaviintibromeo:</span> <span class='ocrx_word' id='word_1_201' title='bbox 400 2574 458 2620; x_wconf 85' lang='lat' dir='ltr'>gescb.</span> <span class='ocrx_word' id='word_1_202' title='bbox 472 2585 489 2617; x_wconf 89' lang='lat' dir='ltr'>p.</span> <span class='ocrx_word' id='word_1_203' title='bbox 503 2573 526 2606; x_wconf 82' lang='lat'>12</span> <span class='ocrx_word' id='word_1_204' title='bbox 539 2573 560 2606; x_wconf 86' lang='lat' dir='ltr'>ad</span> <span class='ocrx_word' id='word_1_205' title='bbox 573 2572 611 2606; x_wconf 82' lang='lat' dir='ltr'>Act.</span> <span class='ocrx_word' id='word_1_206' title='bbox 624 2572 637 2615; x_wconf 85' lang='lat'>1,</span> <span class='ocrx_word' id='word_1_207' title='bbox 650 2570 679 2604; x_wconf 83' lang='lat'>23.</span> <span class='ocrx_word' id='word_1_208' title='bbox 738 2615 743 2620; x_wconf 72' lang='lat'>,</span> 
     </span>
     <span class='ocr_line' id='line_1_25' title="bbox 12 2628 771 2676; baseline 0 -11"><span class='ocrx_word' id='word_1_209' title='bbox 12 2631 51 2665; x_wconf 81' lang='lat' dir='ltr'>Dus</span> <span class='ocrx_word' id='word_1_210' title='bbox 58 2630 199 2665; x_wconf 79' lang='lat' dir='ltr'>Sarrdsobraibaa</span> <span class='ocrx_word' id='word_1_211' title='bbox 206 2632 237 2666; x_wconf 83' lang='lat' dir='ltr'>dos</span> <span class='ocrx_word' id='word_1_212' title='bbox 243 2633 382 2676; x_wconf 72' lang='lat' dir='ltr'>apostatara-</span> <span class='ocrx_word' id='word_1_213' title='bbox 425 2633 443 2675; x_wconf 87' lang='grc'>5)</span> <span class='ocrx_word' id='word_1_214' title='bbox 456 2631 501 2665; x_wconf 89' lang='lat' dir='ltr'>Bibi.</span> <span class='ocrx_word' id='word_1_215' title='bbox 516 2630 630 2665; x_wconf 86' lang='lat' dir='ltr'>Commentar.</span> <span class='ocrx_word' id='word_1_216' title='bbox 643 2630 660 2663; x_wconf 90' lang='lat' dir='ltr'>T.</span> <span class='ocrx_word' id='word_1_217' title='bbox 670 2628 691 2671; x_wconf 88' lang='grc' dir='ltr'>ΙΙ,</span> <span class='ocrx_word' id='word_1_218' title='bbox 704 2640 721 2674; x_wconf 87' lang='lat' dir='ltr'>p.</span> <span class='ocrx_word' id='word_1_219' title='bbox 731 2630 771 2665; x_wconf 78' lang='lat'>574.</span> 
     </span>
    </p>
   </div>
   <div class='ocr_carea' id='block_1_4' title="bbox 12 2687 772 2792">
    <p class='ocr_par' dir='ltr' id='par_1_6' title="bbox 12 2687 772 2792">
     <span class='ocr_line' id='line_1_26' title="bbox 12 2687 771 2734; baseline 0.003 -12"><span class='ocrx_word' id='word_1_220' title='bbox 12 2690 68 2723; x_wconf 74' lang='lat' dir='ltr'>arabas</span> <span class='ocrx_word' id='word_1_221' title='bbox 81 2690 123 2732; x_wconf 78' lang='lat' dir='ltr'>artfs</span> <span class='ocrx_word' id='word_1_222' title='bbox 136 2690 185 2724; x_wconf 79' lang='lat' dir='ltr'>Nono</span> <span class='ocrx_word' id='word_1_223' title='bbox 196 2692 311 2734; x_wconf 82' lang='lat' dir='ltr'>antorsacbt,</span> <span class='ocrx_word' id='word_1_224' title='bbox 328 2691 382 2725; x_wconf 80' lang='lat' dir='ltr'>ribar—</span> <span class='ocrx_word' id='word_1_225' title='bbox 425 2690 445 2734; x_wconf 85' lang='lat'>6]</span> <span class='ocrx_word' id='word_1_226' title='bbox 458 2689 501 2725; x_wconf 89' lang='lat' dir='ltr'>Bibi.</span> <span class='ocrx_word' id='word_1_227' title='bbox 514 2687 669 2724; x_wconf 77' lang='lat' dir='ltr'>Reaiivbrterbuch</span> <span class='ocrx_word' id='word_1_228' title='bbox 682 2699 696 2722; x_wconf 86' lang='lat' dir='ltr'>s.</span> <span class='ocrx_word' id='word_1_229' title='bbox 709 2700 725 2723; x_wconf 92' lang='lat' dir='ltr'>v.</span> <span class='ocrx_word' id='word_1_230' title='bbox 735 2691 771 2724; x_wconf 79' lang='lat' dir='ltr'>J0.</span> 
     </span>
     <span class='ocr_line' id='line_1_27' title="bbox 13 2745 772 2792; baseline -0.004 -10"><span class='ocrx_word' id='word_1_231' title='bbox 13 2751 60 2782; x_wconf 79' lang='lat' dir='ltr'>sotzt</span> <span class='ocrx_word' id='word_1_232' title='bbox 77 2746 114 2780; x_wconf 83' lang='lat' dir='ltr'>aad</span> <span class='ocrx_word' id='word_1_233' title='bbox 132 2748 201 2781; x_wconf 82' lang='lat' dir='ltr'>orbtoirt</span> <span class='ocrx_word' id='word_1_234' title='bbox 212 2752 245 2781; x_wconf 84' lang='lat' dir='ltr'>eto.</span> <span class='ocrx_word' id='word_1_235' title='bbox 276 2746 317 2781; x_wconf 88' lang='lat' dir='ltr'>Tub.</span> <span class='ocrx_word' id='word_1_236' title='bbox 333 2748 383 2781; x_wconf 79' lang='lat'>1840.</span> <span class='ocrx_word' id='word_1_237' title='bbox 402 2750 445 2792; x_wconf 79' lang='lat' dir='ltr'>saph</span> <span class='ocrx_word' id='word_1_238' title='bbox 457 2750 555 2783; x_wconf 85' lang='lat' dir='ltr'>Barsabas.</span> <span class='ocrx_word' id='word_1_239' title='bbox 583 2745 617 2779; x_wconf 82' lang='lat' dir='ltr'>ctr.</span> <span class='ocrx_word' id='word_1_240' title='bbox 629 2746 692 2780; x_wconf 86' lang='lat' dir='ltr'>librum</span> <span class='ocrx_word' id='word_1_241' title='bbox 705 2756 772 2780; x_wconf 91' lang='lat' dir='ltr'>meum:</span> 
     </span>
    </p>
   </div>
   <div class='ocr_carea' id='block_1_5' title="bbox 13 2802 743 2908">
    <p class='ocr_par' dir='ltr' id='par_1_7' title="bbox 13 2802 743 2908">
     <span class='ocr_line' id='line_1_28' title="bbox 13 2802 743 2850; baseline -0.016 -1"><span class='ocrx_word' id='word_1_242' title='bbox 13 2815 29 2849; x_wconf 78' lang='lat' dir='ltr'>P·</span> <span class='ocrx_word' id='word_1_243' title='bbox 44 2802 97 2838; x_wconf 63' lang='grc' dir='ltr'>θ’θ’</span> <span class='ocrx_word' id='word_1_244' title='bbox 403 2809 441 2843; x_wconf 81' lang='lat' dir='ltr'>aas</span> <span class='ocrx_word' id='word_1_245' title='bbox 453 2806 594 2842; x_wconf 64' lang='lat' dir='ltr'>saansaan-attan</span> <span class='ocrx_word' id='word_1_246' title='bbox 603 2809 636 2839; x_wconf 81' lang='lat' dir='ltr'>etc.</span> <span class='ocrx_word' id='word_1_247' title='bbox 649 2816 666 2850; x_wconf 87' lang='lat' dir='ltr'>p.</span> <span class='ocrx_word' id='word_1_248' title='bbox 680 2804 743 2838; x_wconf 86' lang='grc'>9-11.</span> 
     </span>
     <span class='ocr_line' id='line_1_29' title="bbox 48 2863 632 2908; baseline -0.014 -8"><span class='ocrx_word' id='word_1_249' title='bbox 48 2872 92 2900; x_wconf 74' lang='lat' dir='ltr'>rara</span> <span class='ocrx_word' id='word_1_250' title='bbox 102 2876 143 2908; x_wconf 78' lang='lat' dir='ltr'>apost.</span> <span class='ocrx_word' id='word_1_251' title='bbox 154 2872 179 2900; x_wconf 81' lang='lat' dir='ltr'>Ed.</span> <span class='ocrx_word' id='word_1_252' title='bbox 190 2872 214 2906; x_wconf 68' lang='lat' dir='ltr'>it.</span> <span class='ocrx_word' id='word_1_253' title='bbox 612 2863 632 2906; x_wconf 69' lang='lat' dir='ltr'>A</span> 
     </span>
    </p>
   </div>
   <div class='ocr_carea' id='block_1_6' title="bbox 0 0 892 2987">
    <p class='ocr_par' dir='ltr' id='par_1_8' title="bbox 0 0 892 2987">
     <span class='ocr_line' id='line_1_30' title="bbox 0 0 892 2987; baseline 0 0"><span class='ocrx_word' id='word_1_254' title='bbox 0 0 892 2987; x_wconf 95' lang='lat' dir='ltr'> </span> 
     </span>
    </p>
   </div>
  </div>
 </body>
</html>
